2060 3140
524 120 574 165 L.
604 119 955 165 POMPONIVS
985 119 1392 165 BONONOENSIS
1689 120 1795 174 287

239 252 419 297 Nonius
437 258 508 308 39,
527 257 582 297 12
610 253 995 310 ‘condepsere‚
1020 253 1330 311 commiscere,
1353 267 1383 298 a
1400 253 1575 298 Graeco
1596 255 1799 298 tractum

196 311 520 369 .Pomponius
550 311 760 369 Nuptiis·
791 313 991 369 partem’
1018 326 1055 357 e
1081 327 1125 368 q.
1151 327 1186 358 s.

235 384 437 428 farinam
475 387 656 443 scripsi:
695 387 753 441 cf.
786 385 899 430 Cato
930 387 984 430 de
1012 400 1061 431 re
1089 401 1127 431 r.
1155 391 1230 443 76,
1272 386 1416 431 Pauli
1446 385 1609 431 Festus
1635 399 1684 442 p.
1712 390 1797 429 105

120 443 335 501 ‘insipere
371 445 474 499 far’
513 446 675 502 patem
703 444 771 488 12¹
807 447 991 511 partem
1030 462 1065 502 φ
1107 444 1180 489 far
1220 447 1422 502 patenae
1452 445 1678 512 Berykius
1714 459 1797 501 pa-

119 502 265 547 tellae
298 517 435 548 anon.
466 519 542 560 ap.
573 518 607 549 x
753 505 937 562 partem
965 503 1171 561 insipaui
1199 505 1375 549 anius
1410 502 1587 561 insipui
1614 506 1796 570 partem

114 561 356 607 Mwnkius.
428 563 506 607 Vel
544 565 748 620 primam
784 577 937 608 versus
973 564 1196 629 syllabam
1232 564 1301 609 vel
1341 563 1432 606 huc
1474 569 1580 608 ante
1620 561 1796 620 insipui

114 621 332 666 excidisse
362 622 470 665 olim
499 623 748 666 statuebam
875 620 1088 666 concussi
1115 622 1280 679 scripsi
1309 621 1516 666 conclusi
1546 639 1596 678 ω,
1625 622 1679 666 in
1708 636 1795 679 quo

113 681 272 725 merito
303 681 492 735 offendit
517 681 743 739 Berykius
773 679 982 724 contrusi
1013 681 1204 739 Maehly
1237 680 1420 725 contusi
1450 681 1797 727 Hildebrandus

114 740 177 783 ad
207 739 379 784 Arnob.
405 739 447 783 V
471 744 526 783 29
648 739 949 796 condempsui
980 740 1045 785 W

742 878 878 926 PAN
879 878 975 926 NV
977 877 1176 926 OEATI

231 958 413 1002 Nomen
451 958 566 1015 quid
604 958 696 1003 sibi
732 958 850 1003 velit
887 959 963 1015 (cf.
996 959 1142 1003 Maec.
1174 972 1294 1016 gem.
1326 961 1414 1017 pr.)
1452 959 1653 1004 maxime
1686 974 1792 1017 pro-

112 1018 231 1061 dunt
267 1017 322 1062 fr.
348 1017 390 1061 V
421 1019 469 1062 et
498 1017 575 1063 VI.
637 1017 709 1062 Fr.
734 1017 801 1062 IV
830 1031 947 1061 uxor
979 1018 1145 1061 dotata
1174 1019 1229 1075 (Ι)
1260 1018 1391 1073 queri
1421 1018 1627 1074 videtur,
1668 1020 1792 1075 quod

109 1075 431 1120 misericordia
458 1077 663 1132 quadam
686 1078 919 1120 commota
947 1076 1195 1133 indignum
1224 1077 1425 1134 pecunia
1452 1092 1538 1122 sua
1567 1077 1790 1123 beaverit.

108 1134 393 1180 Panniculos
425 1135 661 1193 intellegit
689 1135 928 1180 Dieterich
958 1135 1085 1180 Pulc.
1113 1141 1211 1180 146.

939 1260 965 1307 Ι

1280 1330 1371 1382 sed
1408 1348 1559 1383 meus

106 1416 297 1470 Frater
333 1417 518 1488 maior,
560 1419 846 1487 postquam
883 1418 1023 1470 uidit
1060 1419 1146 1470 me
1183 1418 1240 1470 ui
1280 1418 1541 1471 deiectum
1563 1419 1752 1489 ‚dom0‚

105 1505 309 1576 Nupsit
346 1507 612 1576 posterius
652 1507 863 1560 dotatae
901 1507 1114 1559 uetulae
1152 1505 1424 1559 uaricosae
1460 1507 1655 1560 uafrae.

227 1606 409 1651 Nonius
435 1611 534 1662 143,
560 1611 616 1651 27
651 1607 881 1651 ‘nubere
911 1609 1093 1651 ueteres
1123 1621 1219 1651 non
1250 1606 1399 1651 solum
1429 1608 1669 1666 mulieres,
1706 1609 1788 1652 sed

108 1667 253 1711 etiam
291 1666 417 1710 uiros
457 1666 698 1723 dicebant,
736 1666 807 1711 ita
845 1669 899 1710 ut
935 1681 1058 1710 nunc
1095 1666 1205 1710 Itali
1243 1666 1437 1711 dicunt.’
1504 1668 1625 1724 Apte
1665 1681 1788 1712 com-

104 1728 301 1783 paratur
330 1725 563 1770 Martialis
593 1726 702 1770 VIII
734 1731 803 1770 12.

228 1805 253 1843 2
292 1799 342 1842 ui
382 1798 614 1844 deiectum
652 1800 888 1845 Mercerus
930 1799 980 1842 in
1019 1798 1252 1843 deiectum
1289 1817 1345 1856 ω,
1389 1800 1484 1844 nisi
1520 1802 1640 1856 quod
1676 1799 1786 1857 inde

105 1858 307 1903 eiectum
350 1860 505 1904 Vrbin.
539 1863 646 1904 307:
693 1861 852 1904 saltem
898 1858 1007 1902 inde
1054 1858 1286 1902 deiectum
1331 1859 1645 1916 corriyendum
1690 1865 1788 1904 erat

103 1918 190 1962 illa
229 1918 272 1962 d.
311 1932 344 1962 a:
502 1919 651 1963 Vnum
686 1932 863 1963 versum
902 1917 984 1976 sed
1021 1931 1151 1961 meus
1189 1917 1334 1961 frater
1370 1932 1430 1962 m.
1470 1932 1514 1974 p.
1550 1917 1674 1961 uidit
1711 1931 1784 1961 me

106 1977 308 2021 eiectum
339 1977 383 2021 d.
417 1977 519 2023 Bue
542 1979 784 2034 proposuit
902 1982 928 2020 3
961 1976 1123 2020 uafrae
1153 1977 1326 2021 anius
1359 1976 1486 2020 afrae
1518 1993 1553 2020 ω

916 2094 968 2141 Π

1816 2192 1873 2231 90

106 2178 386 2232 Sarculum
423 2178 549 2231 hinc
588 2179 682 2231 1116
722 2179 994 2247 profectus
1030 2177 1170 2230 sslim
1209 2177 1420 2230 rediisti
1452 2181 1675 2230 rutrum.

220 2279 402 2323 Nonius
429 2284 498 2335 18,
523 2284 577 2323 21
614 2280 855 2324 ‘rutrum
886 2278 1063 2323 dictum
1095 2280 1167 2322 est
1198 2292 1226 2321 a
1252 2278 1495 2322 radendo’
1548 2279 1779 2335 (‘ruendo’

103 2339 368 2396 Mercerus).

222 2412 474 2470 profectu's
506 2413 613 2456 olim
643 2413 788 2468 edidi,
826 2426 907 2457 ‘nec
937 2426 1062 2456 nwnc
1091 2413 1282 2468 repudio
1384 2410 1503 2453 illim
1534 2410 1620 2467 ΗΞ,
1649 2411 1781 2466 Gifa-
1814 2429 1816 2431 ’

101 2474 210 2516 ‘nius
247 2471 382 2514 illum
413 2488 448 2527 φ
584 2470 750 2514 redisti
781 2489 837 2527 ω,
869 2485 982 2516 corr.
1009 2471 1204 2515 Bothius
1331 2470 1405 2514 De
1435 2476 1640 2526 correpta
1669 2484 1700 2513 u
1731 2472 1783 2514 in

104 2533 285 2575 rutrum
317 2531 642 2575 Lachmawmis
671 2531 724 2574 in
754 2530 894 2574 Imcr.
920 2535 974 2573 36

906 2647 983 2694 ΠΙ

104 2731 234 2784 Dixi
266 2750 363 2803 ego
396 2731 530 2784 illud
561 2731 825 2784 futurum:
863 2731 920 2783 in
950 2730 1124 2800 prima
1153 2730 1313 2782 ualua
1345 2733 1438 2800 est,
1475 2731 1569 2782 uix
1598 2730 1782 2783 haeret

1339 2837 1513 2871 mlser.
1555 2850 1623 2856 ——

103 2906 435 2962 'Euannetur
473 2910 527 2962 et
563 2927 682 2962 mea
720 2908 894 2962 socius
933 2909 1093 2977 opera
1130 2911 1192 2960 ut
1228 2908 1323 2960 fiat
1361 2908 1548 2960 fecero,
