2060 3140
694 116 943 170 AQVILIV
946 115 988 161 S.
1050 115 1306 161 LICINIVS
1766 116 1837 168 39

157 266 273 296 mus.
335 249 632 294 Parasitus
670 248 755 293 ibi
794 248 1050 293 esuriens
1082 249 1198 293 haec
1230 248 1366 293 dicit:
1406 251 1459 292 ut
1489 249 1625 293 illum
1655 249 1705 292 di
1734 263 1838 306 per-

160 310 290 354 dant’
326 323 363 354 6.
396 324 438 365 q.
473 323 507 353 s,
570 308 635 353 cf.
675 308 947 352 Ammianus
986 307 1285 352 Marcellinus
1309 307 1458 351 xxm
1482 313 1531 364 6,
1558 313 1612 351 77
1656 308 1838 352 ‘uenter

159 368 426 424 unicuique’
446 368 723 425 (Persarum)
750 367 899 411 ‘uelut
923 366 1145 411 solarium
1168 369 1252 423 est,
1278 380 1425 422 eoque
1448 369 1666 411 monente
1690 367 1832 423 quod’

176 429 362 484 quom?)
396 426 632 471 ‘inciderit
662 425 832 470 editur’
866 426 972 470 XIX
996 431 1037 481 8,
1059 431 1084 470 8
1120 425 1271 470 ‘arida
1302 425 1383 470 siti
1413 427 1670 483 reptantes’
1698 429 1756 482 (v.
1777 429 1833 483 9).

193 486 224 530 f.
257 485 472 531 Hertzius
503 488 697 531 rament.
732 485 929 530 Gellian.
948 485 991 528 V
1013 500 1057 542 p.
1085 489 1139 528 18
1180 487 1228 529 et
1257 484 1411 529 Herm.
1438 489 1487 541 8,
1514 489 1613 529 286.
1668 484 1837 541 Dispu-

155 545 279 590 tavit
317 545 374 589 (16
415 544 629 589 Gelliano
669 544 821 601 capite
859 543 1142 588 Ritschelius
1180 545 1367 602 Parerg.
1391 544 1413 587 I
1437 548 1492 587 83
1507 558 1605 600 sqq.
1633 548 1717 588 123
1736 558 1834 599 sqq.

159 609 256 648 208.
319 604 388 648 De
428 604 702 648 solariorum
739 602 974 647 mentione
1006 602 1112 647 vide
1143 617 1268 647 nunc
1298 616 1419 659 quae
1451 605 1747 660 Ostermayer
1779 603 1836 646 de

157 662 265 707 hist.
297 663 391 707 fab.
424 663 474 706 in
505 677 619 707 com.
653 662 720 707 Pl.
752 678 796 719 p.
822 667 877 706 57
911 665 959 706 et
988 662 1081 706 Leo
1112 662 1180 706 Pl.
1213 662 1261 707 F.
1290 667 1374 707 138
1406 665 1695 706 monuerunt.

275 755 303 794 4
335 766 478 795 unum
494 752 724 807 Hertzius,
757 765 839 796 om.
859 768 894 794 ω
928 750 1040 794 olim
1056 751 1331 795 Ritschelius
1412 764 1524 794 nam
1545 764 1618 794 me
1640 750 1835 807 puerulo

155 811 392 855 Bentleius
422 810 595 867 (puello
627 810 860 867 Hertzius)
951 811 1083 853 ueter
1112 819 1150 864 ψ
1184 811 1260 866 (cf.
1285 823 1373 854 eor.
1398 809 1500 867 XX)
1621 815 1647 853 6
1678 809 1835 853 ubiuis

153 871 317 926 scripsi
354 869 437 913 ubi
466 869 555 913 iste
587 886 622 912 ω
660 867 815 912 ubiuis
849 869 918 912 ste
950 869 1188 924 Hertzius,
1221 870 1351 925 prob.
1387 867 1720 924 Fleckeisenus,
1760 870 1837 914 sed

154 930 212 984 cf.
245 928 435 974 Skutsch
457 943 505 985 p.
534 931 616 972 146
656 927 739 971 ubi
768 926 852 971 ubi
882 942 984 972 cwm
1013 928 1111 972 edd.
1143 932 1243 972 vett.
1276 927 1550 972 Ritschelius
1580 926 1702 971 iuste
1733 928 1837 972 Rue

154 1000 301 1042 usque
339 986 379 1030 is
418 986 629 1032 Goetzius
673 986 757 1030 ubi
794 986 833 1030 is
871 1000 967 1030 non
1003 988 1278 1031 conieceram
1388 987 1578 1044 Inteyra
1614 988 1836 1031 sententia

154 1047 370 1091 excidisse
414 1047 591 1090 videtm·
638 1045 1020 1091 GFWMuellero
1052 1046 1080 1090 l.
1106 1046 1134 1090 l.
1160 1049 1248 1088 364
1384 1050 1408 1089 7
1453 1059 1595 1101 quom
1639 1045 1837 1090 Bothius

153 1105 280 1160 quod
311 1114 349 1162 ψ
389 1103 503 1160 quid
534 1105 656 1150 Rott.
753 1106 880 1148 estur
909 1106 1006 1149 edd.
1037 1109 1139 1149 vett.
1180 1106 1252 1148 est
1281 1121 1316 1147 ω
1445 1108 1472 1147 8
1504 1102 1727 1161 oppidum
1765 1106 1836 1148 est

154 1164 451 1209 Hem-marmus
488 1165 560 1207 est
597 1162 821 1220 oppidum
851 1181 886 1207 ω
1038 1167 1063 1206 9
1094 1162 1226 1220 popli
1255 1177 1364 1219 pars
1395 1163 1593 1208 Bothius
1739 1162 1836 1207 iam

154 1223 371 1268 Hertzius
401 1225 520 1279 olim,
553 1236 636 1267 om.
669 1240 703 1266 ω
812 1222 944 1266 arida
974 1224 1037 1268 ad
1066 1223 1306 1267 Ammiani
1336 1223 1586 1279 exemplum
1617 1222 1837 1268 Hertzius

241 1284 295 1326 ut
326 1296 366 1326 a.
398 1283 584 1339 reptent
615 1282 891 1327 Ritsclaelius

970 1391 1021 1439 H

151 1475 261 1528 Vbi
298 1475 532 1545 primum
571 1494 820 1530 accensus
860 1477 1116 1529 clamarat
1153 1475 1431 1529 meridiem
1507 1486 1509 1489 '

270 1577 418 1621 Varro
451 1577 508 1621 de
539 1577 569 1621 l.
595 1577 624 1623 1.
643 1577 778 1622 V189
796 1577 856 1622 M.
893 1578 1218 1621 ‘accensum
1257 1576 1449 1621 solitum
1488 1576 1607 1621 ciere
1639 1575 1836 1620 Boeotia

152 1635 379 1692 ostendit,
426 1651 568 1692 quam
612 1636 903 1680 comoediam
939 1635 1120 1692 Aquilii
1166 1649 1266 1680 esse
1313 1635 1496 1692 dicunt,
1546 1636 1636 1679 hoc
1675 1648 1835 1680 uersu:

152 1695 252 1739 ubi’
287 1708 325 1739 6.
351 1710 393 1751 q.
420 1710 455 1740 s,
524 1695 770 1753 (Aquilii
808 1695 1048 1739 Turnebus
1104 1695 1211 1739 alii
1249 1695 1371 1740 libri.
1443 1694 1509 1739 Cf.
1550 1693 1836 1738 Ritschelius

150 1754 337 1811 Parerg.
362 1754 383 1797 I
409 1758 460 1797 11
481 1756 566 1811 sq.)

229 1842 476 1945 bctlssmant
503 1843 678 1898 Guelfi¹
702 1841 917 1886 clamarit
940 1842 1114 1888 Laetus
1139 1841 1364 1886 clamauit
1384 1842 1617 1887 Osannus:
1649 1856 1714 1887 απ
1738 1841 1834 1886 cla-

151 1915 230 1945 ma
265 1915 292 1945 a
328 1938 337 1947 .

556 2086 991 2158 LICINIVS
1045 2087 1435 2155 IMBREX

858 2245 1135 2295 NEAERA

271 2343 335 2388 cf.
369 2341 556 2400 Νέαιρα
587 2343 807 2388 Timoclis
840 2345 886 2387 et
917 2341 1218 2386 Philemonis.
1265 2342 1354 2386 Vel
1383 2341 1517 2386 miles
1549 2341 1625 2386 vel
1655 2341 1835 2399 parasi-

151 2404 228 2446 tus
261 2404 524 2447 assentator
555 2404 740 2447 amatae
771 2402 870 2446 eius
904 2401 1056 2446 dicere
1087 2401 1285 2445 videtur.

149 2492 292 2547 Nolo
333 2495 433 2564 ego
470 2492 732 2547 Neaeram
770 2495 825 2546 te
863 2495 1079 2561 uocent,
1118 2492 1210 2544 sed
1245 2491 1555 2562 Nerienem,

153 2581 288 2635 Cum
327 2580 542 2650 quidem
580 2581 815 2636 Mauorti
854 2600 909 2634 es
946 2581 1006 2634 in
1043 2580 1331 2633 conubium
1371 2580 1506 2634 data.

270 2681 448 2726 Gellius
471 2682 578 2726 XIII
602 2688 657 2727 23
680 2685 786 2740 (22),
806 2688 860 2727 16
897 2683 1100 2739 ‘praeter
1130 2681 1351 2724 Plautum
1381 2680 1525 2725 etiam
1554 2684 1831 2739 praeterque

151 2740 356 2785 Gellium
377 2740 582 2785 Licinius
605 2742 799 2798 Imbrex,
825 2743 960 2785 uetus
986 2739 1330 2785 comoediarum
1354 2740 1563 2797 scriptor,
1594 2741 1644 2786 in
1668 2741 1833 2786 fabula

151 2813 271 2855 quae
301 2799 484 2844 Neaera
515 2800 689 2857 scripta
720 2803 792 2845 est
821 2800 891 2844 ita
923 2799 1128 2856 scripsit:
1160 2798 1288 2843 nolo'
1324 2812 1360 2842 e.
1387 2814 1430 2855 q.
1457 2814 1491 2844 S.
1551 2800 1643 2844 ‘Ita
1675 2803 1833 2845 autem

151 2872 200 2902 se
230 2872 447 2903 numerus
479 2859 670 2904 huiusce
700 2873 861 2904 uersus
893 2859 1058 2915 habet,
1098 2860 1151 2901 ut
1181 2857 1323 2902 tertia
1354 2857 1404 2901 in
1435 2872 1488 2903 eo
1520 2859 1707 2903 nomine
1740 2860 1832 2917 syl-

150 2917 263 2961 laba
308 2920 469 2962 contra
515 2933 657 2974 quam
703 2932 842 2976 supra
888 2918 1065 2962 dictum
1113 2919 1184 2960 est
1230 2916 1521 2974 corripienda
1568 2918 1650 2975 sit,
1700 2919 1830 2963 cuius

1870 1487 1925 1527 10
