2060 3140
205 140 278 194 20
851 139 944 185 CN.
975 138 1240 184 NAEvrvs

324 272 479 317 Nolim
509 271 771 329 praecisum
802 273 943 328 atque
976 273 1205 316 omasum:
1236 285 1345 316 nam
1366 272 1510 317 variis
1532 272 1675 316 modis
1697 272 1882 317 initium

205 345 357 378 versus
394 333 599 389 suppleri
629 337 798 388 potest,
838 345 872 376 e.
905 346 941 376 c.
981 344 1055 374 em
1091 331 1159 375 vel
1188 329 1293 373 iam·
1308 331 1640 388 praemittendo
1731 330 1878 374 callus

204 390 441 436 Meo-cerus
462 390 617 447 gallus
635 408 670 434 ω
695 389 866 434 callum
889 391 955 435 ed.
976 393 1089 432 1526
1181 388 1297 432 clifis
1317 389 1413 433 FL
1437 388 1593 446 glissis
1619 389 1775 434 Urbin.
1795 393 1879 433 307

205 448 328 506 glifis
360 449 417 494 Η
427 450 493 494 W
521 449 661 506 glires
693 450 758 494 ed.
786 453 900 492 1526
990 447 1185 504 glandia
1215 448 1312 492 edd.
1352 447 1550 504 grandia
1581 465 1616 491 ω

912 570 1178 619 PAELEX

322 668 388 713 Cf.
421 668 644 724 Παλλακή
674 667 885 712 Alexidis
917 666 1162 712 Menandri
1193 666 1386 724 Diphili.

206 758 402 812 Desine
440 758 578 812 socri
618 762 736 828 tue,
773 759 929 811 fratri
966 757 1202 828 patrueli
1236 777 1354 811 meo

322 859 501 904 Nonius
527 864 626 916 223,
652 864 705 903 21
751 860 765 882 ‘
777 874 970 904 socrus
1011 861 1058 904 et
1088 858 1346 903 masculino
1378 872 1545 916 genere
1578 861 1758 904 ueteres
1792 858 1886 902 dici

204 932 342 975 posse
372 918 653 963 uoluerunt.’
688 918 930 976 (Pellice
962 918 1158 963 Bothius
1189 917 1407 975 pellico
1439 917 1563 974 libri)

325 1007 504 1063 desine,
542 1021 599 1052 sc.
637 1009 751 1052 male
789 1009 934 1052 dicere
982 1006 1130 1051 desim
1162 1007 1358 1052 Bothius
1479 994 1631 1051 socrui
1663 1008 1710 1051 P
1752 1021 1885 1051 socru

211 1067 450 1124 Quicherat
481 1080 611 1110 socro
643 1067 840 1111 Bothius
927 1065 1131 1122 patrueli
1166 1066 1358 1111 Guietus
1386 1066 1545 1122 patrui
1578 1084 1612 1110 ω

849 1188 1247 1239 PERSONATA

317 1274 505 1327 Festus
527 1294 579 1345 p.
597 1274 703 1337 217
721 1273 791 1328 M.
818 1273 1197 1328 ‘Personata
1228 1275 1409 1328 fabula
1433 1277 1691 1345 quaedam
1713 1275 1887 1329 Naeui

207 1363 539 1434 inscribitur,
595 1382 754 1432 quam
808 1366 1002 1433 putant
1048 1363 1266 1434 quidam
1310 1364 1544 1433 primum
1592 1364 1812 1434 [actam]
1859 1382 1890 1416 a

207 1453 506 1521 personatis
555 1451 923 1505 histrionibus,
1001 1452 1094 1505 sed
1143 1471 1264 1506 cum
1308 1456 1433 1522 post
1477 1453 1676 1506 multos
1723 1471 1889 1506 annos

209 1541 449 1594 comoedi
490 1544 543 1594 et
582 1541 824 1612 tragoedi
862 1541 1104 1610 personis
1142 1542 1223 1594 uti
1263 1541 1555 1612 coeperint,
1595 1541 1709 1594 ueri
1748 1542 1891 1594 simi-

206 1628 312 1681 lius
366 1632 446 1681 est
501 1647 617 1682 eam
669 1629 907 1682 fabulam
959 1633 1181 1699 propter
1235 1630 1471 1699 inopiam
1518 1630 1891 1683 comoedorum

208 1719 381 1769 actam
422 1736 619 1770 nouam
656 1736 753 1787 per
782 1716 1076 1788 Atellanos,
1116 1718 1208 1787 qui
1239 1718 1455 1788 proprie
1486 1722 1749 1771 uocantur
1778 1737 1892 1788 per-

208 1805 405 1875 sonati,
453 1806 579 1875 quia
617 1806 701 1858 ius
739 1809 820 1859 est
858 1806 904 1859 is
945 1825 1055 1859 non
1093 1807 1213 1877 cogi
1253 1807 1308 1859 in
1334 1823 1504 1860 'scena
1541 1825 1737 1876 ponere
1774 1825 1890 1876 per-

208 1911 415 1964 sonam,
455 1895 599 1964 quod
637 1895 827 1948 ceteris
863 1895 1221 1948 histrionibus
1258 1896 1372 1965 pati
1409 1912 1621 1948 necesse
1660 1895 1773 1948 est?

323 1994 423 2039 Hoc
455 1995 576 2040 dixit
597 1995 810 2042 Verrius:
843 1998 999 2040 actam
1030 2010 1131 2041 esse
1161 1996 1283 2041 hanc
1313 1995 1525 2040 fabulam
1557 1995 1617 2040 ab
1641 1995 1886 2052 Atellanis,

209 2053 289 2109 qui
310 2054 496 2111 proprie
521 2054 738 2099 dicantur
759 2055 1011 2112 personati.
1059 2055 1184 2100 Nam
1205 2055 1353 2099 multo
1379 2056 1488 2099 ante
1512 2068 1654 2110 quam
1677 2055 1888 2100 comoedi

209 2114 256 2156 et
302 2113 518 2169 tragoedi
563 2113 773 2171 personis
819 2114 890 2159 uti
930 2117 1202 2172 coeperunt,
1249 2113 1459 2158 Atellani
1499 2113 1587 2157 soli
1627 2127 1681 2158 eo
1721 2114 1887 2158 habitu

209 2171 436 2229 agebant,
474 2175 641 2230 postea
680 2175 839 2218 autem
878 2173 967 2218 soli
1007 2174 1237 2230 deponere
1276 2187 1354 2217 eas
1395 2171 1499 2230 cogi
1530 2186 1624 2217 non
1655 2176 1887 2230 poterant.

210 2229 275 2275 Cf.
307 2230 415 2276 hist.
447 2245 574 2289 poes.
606 2233 738 2278 Rom.
770 2232 814 2276 1²
844 2237 931 2277 210
961 2233 1034 2278 Fr.
1067 2233 1200 2277 Marx
1231 2231 1403 2288 encycl.
1435 2231 1567 2276 Paul.
1599 2231 1645 2275 1²
1677 2238 1790 2277 1916

866 2355 1232 2406 PROIEGTVS

327 2451 575 2497 Pnomc'rvs
606 2453 636 2498 i.
663 2467 701 2498 e.
734 2453 997 2510 Expositus.
1060 2452 1126 2498 Cf.
1159 2452 1317 2497 Plauti
1348 2452 1457 2498 Cist.
1487 2456 1585 2497 124.

1033 2549 1059 2596 Ι

214 2669 225 2681 .
267 2670 278 2680 .
320 2669 330 2680 .
368 2629 597 2698 populus
634 2633 860 2703 patitur,
897 2636 958 2686 tu
995 2632 1168 2703 patias
1208 2674 1219 2684 .
1259 2674 1270 2684 .

332 2727 578 2774 Diomedes
609 2747 652 2788 p.
675 2737 761 2778 395
784 2734 833 2779 P.
870 2732 1002 2778 ‘item
1031 2732 1190 2791 patio
1221 2731 1429 2776 Naeuius
1460 2732 1510 2776 in
1540 2732 1773 2778 Proiecto:
1805 2747 1888 2790 po-

214 2786 351 2845 pulus
381 2787 574 2845 patitur,
606 2790 773 2848 inquit,
805 2795 858 2836 tu
888 2807 932 2849 p.
957 2806 1108 2838 moro
1139 2791 1254 2836 item
1275 2791 1484 2836 Naeuius
1507 2791 1558 2836 in
1582 2792 1743 2837 eodem
1769 2791 1883 2851 [Π].’

214 2845 295 2903 (in
325 2845 584 2902 prolecto
616 2849 814 2908 Monac.)

331 2934 486 2991 patias
519 2937 668 2982 Paris.
694 2938 739 2981 A
777 2952 871 2983 non
908 2938 1068 2995 pacias
1101 2940 1211 2984 Par.
1236 2939 1282 2983 B
1319 2939 1475 2996 potior
1506 2940 1691 2985 Monac.
1731 2938 1887 2996 patias
