2060 3140
228 85 295 166 12
871 111 963 156 CN.
995 110 1258 156 NAEvlvs

223 246 301 289 Ex
347 245 585 290 Graeca:
641 245 737 289 sed
783 258 877 288 eas
924 245 991 288 ab
1038 243 1173 288 aliis
1219 243 1406 287 factas
1451 243 1607 299 prius
1653 242 1890 287 Latinas

226 304 402 349 scisse
435 318 579 361 sese,
610 303 668 347 id
698 317 830 347 uero
860 304 1172 360 pernegat.'
1226 302 1296 348 De
1327 301 1496 358 quibus
1518 301 1669 346 instar
1692 302 1897 346 omnium

223 363 471 407 Ritschelii
501 363 565 406 inx
581 363 766 420 Parerg.
790 362 813 405 I
837 368 892 406 99
910 376 1009 418 sqq.
1042 360 1301 418 disputatio
1333 363 1417 405 est.
1474 361 1763 417 Loquentem
1793 375 1898 405 cum

223 421 374 466 milite
411 421 672 479 parasitum
708 421 935 464 habemus
966 420 1021 464 fr.
1045 421 1088 464 I:
1126 434 1238 464 nam
1274 419 1356 463 ille
1385 419 1632 464 Herculem
1661 419 1899 464 Victorem

226 494 274 525 se
319 480 473 538 ipsum
519 494 618 524 esse
663 479 891 536 gloriatus
938 479 1156 522 decumas
1202 478 1430 522 bonorum
1479 478 1571 522 sibi
1616 492 1645 522 a
1689 478 1898 535 parasito

225 553 408 595 quoque
439 539 737 596 flagitaverat
767 537 942 593 offerri,
982 536 1059 580 cui
1087 536 1166 581 hic
1195 536 1485 581 iocabundus
1521 538 1791 595 respondet,
1830 536 1899 582 rei

147 628 150 631 «
224 598 406 642 alienae
438 598 626 653 quidem
655 597 873 640 decumas
899 595 943 640 ei
967 609 1016 640 se
1039 595 1136 640 iam
1157 595 1413 652 polluxisse
1435 595 1624 652 publice
1646 595 1899 641 indicanda

135 1806 191 1844 30

225 656 405 701 scilicet
436 656 535 700 eius
565 655 753 700 nomine
786 668 902 699 cena
931 655 1208 699 Herculana.
1255 655 1325 699 De
1354 653 1623 711 pollucendi
1651 669 1778 700 more
1806 655 1899 699 dis-

225 717 466 759 seruerunt
494 715 738 759 Henzenus
769 728 885 759 mus.
919 714 1064 759 1111611.
1082 714 1126 758 V
1143 719 1196 758 71
1209 728 1306 770 sqq.
1341 716 1389 757 et
1417 713 1731 758 Mommsenus
1763 714 1854 759 CIL
1877 715 1898 758 1

223 789 267 831 p.
295 779 379 818 149
398 789 463 830 sq.
499 776 547 818 et
577 774 639 818 ad
668 788 712 817 n.
740 777 867 818 1175.

1045 853 1071 901 Ι

224 938 327 1001 Qui
367 939 612 1001 decumas
649 937 864 1006 partes?
902 938 1161 1006 quantum
1200 938 1346 1007 <1111>
1385 936 1550 990 aliem'
1583 937 1709 1006 fuit,

221 1026 437 1079 Polluxi
474 1025 577 1079 tibi
615 1026 721 1077 iam
758 1025 1082 1095 publicando
1123 1025 1279 1095 epulo
1318 1025 1567 1079 Herculis

222 1115 498 1168 DecumaS.

340 1214 606 1259 Priscianus
637 1230 682 1271 p.
701 1218 788 1259 874
804 1215 854 1259 Ρ.
890 1213 1123 1272 ‘polluceo
1154 1214 1378 1271 polluxi
1497 1205 1706 1259 Naeuius
1736 1214 1786 1258 in
1818 1215 1902 1259 Co-

222 1274 347 1319 lace:
379 1274 510 1330 quid’
546 1288 583 1319 e.
609 1289 654 1338 q.
682 1289 716 1319 s.
1025 1298 1027 1300 ·

343 1367 367 1405 1
400 1361 482 1417 qui
521 1364 568 1419 (i.
601 1377 635 1407 e.
680 1362 930 1419 quomodo)
961 1371 999 1418 ψ
1047 1361 1161 1417 quid
1199 1362 1366 1417 Barb„
1416 1362 1714 1408 Rea-mannus
1750 1377 1900 1420 opusc.

222 1421 267 1464 Π
289 1425 376 1465 280
464 1420 531 1464 1111
561 1422 879 1477 Hermannus,
915 1435 997 1466 om.
1031 1438 1067 1465 ω
1158 1420 1367 1465 alienum
1396 1422 1543 1480 Bony.
1666 1428 1691 1466 2
1721 1422 1901 1479 polluxi

225 1480 524 1525 Hermawrms
553 1479 755 1537 polluxit
786 1479 1003 1538 (poluxit)
1033 1497 1068 1524 ω
1144 1479 1240 1524 iam
1272 1481 1568 1526 Hermannus
1597 1495 1626 1525 a
1657 1499 1693 1525 ω
1762 1481 1900 1538 6111110

226 1575 236 1584 .
257 1576 265 1584 .
286 1576 295 1583 .
322 1539 540 1583 decumas
570 1554 653 1584 om.
679 1539 817 1598 Sany.
900 1538 1080 1584 herculi
1103 1540 1264 1584 Bamb.
1351 1540 1496 1585 Varia
1516 1542 1695 1596 frusta-a
1717 1542 1903 1586 molitwr

225 1599 450 1656 Berykius
478 1612 627 1655 opusc.
653 1599 674 1642 I
699 1603 798 1643 537.
864 1599 931 1655 Cf.
965 1599 1115 1644 coroll.
1140 1598 1205 1642 XI
1221 1613 1282 1656 sq.

1040 1725 1091 1772 II

1193 1795 1247 1845 et
1283 1793 1410 1846 11010

197 1879 298 1933 ¹Et
335 1880 524 1933 uereor
562 1884 616 1934 et
652 1870 826 1934 facere
864 1882 922 1934 1'n
958 1881 1210 1951 prolubio
1250 1885 1333 1934 est
1371 1924 1381 1934 .
1414 1925 1425 1934 .
1459 1925 1469 1934 .

340 1980 520 2024 Nonius
546 1985 616 2037 64,
643 1986 697 2026 10
732 1981 1084 2039 ‘proluuium
1109 2019 1117 2027 .
1138 2019 1146 2027 .
1168 2019 1177 2026 .
1198 2019 1206 2028 .
1231 1981 1447 2026 Neuius
1474 1981 1660 2027 Colace:
1693 1984 1741 2026 et
1770 1982 1899 2026 uolo’

225 2052 262 2084 e.
288 2054 331 2095 q.
358 2054 391 2084 s.
440 2039 724 2097 Comparant
752 2041 1082 2099 Aristophanis
1104 2056 1202 2086 ran.
1223 2046 1358 2086 1425:
1389 2045 1539 2085 ποθεῖ
1557 2041 1670 2098 μέν,
1688 2039 1900 2099 ἐχθαίρει

224 2095 536 2202 Ξὲ,ὲοξ111ἱόἑέἔῖι
566 2098 612 2144 δ’
643 2099 776 2158 ἔχειν.
827 2100 947 2145 Sane
977 2100 1145 2145 incerti
1177 2099 1321 2144 animi
1343 2099 1586 2151 fluctuatio
1609 2100 1686 2144 hic
1714 2114 1898 2156 quoque

344 2250 369 2289 2
401 2246 617 2302 prolubio
648 2249 747 2293 edd.
785 2247 1002 2305 proluuio
1033 2265 1069 2292 ω

1195 2429 1249 2478 et
1286 2427 1451 2479 asseri

225 2512 430 2565 Laudes
468 2532 568 2584 ago
576 2556 590 2583 ‚
630 2532 751 2567 cum
788 2515 933 2567 uotis
970 2532 1056 2567 me
1093 2514 1290 2567 multat
1326 2515 1480 2584 meis,

226 2599 379 2663 Quod
415 2603 623 2670 praeter
661 2621 822 2672 quam
860 2603 995 2655 mihi
1032 2602 1226 2655 uellem
1266 2602 1515 2655 audibam
1545 2603 1648 2656 hoc
1679 2604 1899 2656 eminus

341 2700 521 2745 Nonius
546 2707 653 2759 462,
679 2708 734 2746 32
777 2703 1048 2748 ‘multare
1087 2717 1192 2747 cum
1232 2702 1294 2746 sit
1328 2703 1655 2761 condemnare,
1695 2703 1901 2760 positum

225 2761 298 2803 est
330 2773 519 2816 augere,
551 2761 652 2805 uoti
683 2765 946 2819 compotem
975 2762 1200 2807 reddere.’

345 2852 457 2891 1-3
469 2849 667 2894 ‘restituit
675 2850 972 2896 Her-mannus
981 2865 1131 2908 opusc.
1141 2850 1184 2894 H
1196 2854 1280 2894 279
1326 2856 1349 2894 1
1365 2850 1520 2895 adseri
1528 2851 1659 2895 BaL
1690 2857 1716 2894 2
1728 2851 1900 2895 multat

226 2906 524 2951 Hermannus
559 2907 773 2952 multatis
805 2927 840 2952 ω
932 2914 958 2953 3
990 2924 1131 2966 quam
1168 2909 1340 2953 uellem
1380 2909 1629 2954 audiebam
1665 2910 1754 2954 hoc
1784 2909 1899 2953 mihi
