2060 3140
136 1666 193 1704 94

135 2307 194 2346 95

227 116 304 170 -26
882 115 973 160 ΟΝ.
1004 109 1269 160 NAEVIVS

232 250 329 294 lore
366 251 414 293 et
452 248 607 293 lucido
647 248 954 315 compositum
989 251 1126 305 puto,
1165 249 1218 292 A.
1251 247 1467 292 Lentzius
1499 247 1666 293 Philol.
1691 248 1799 292 XIII
1823 253 1907 293 601

233 307 434 365 hybrida
480 307 790 365 originatione
837 321 893 351 ex
937 323 1035 352 παν
1073 309 1121 351 et
1157 306 1314 351 lucido
1355 307 1607 351 conflatum
1653 307 1908 374 eademque

231 367 424 411 notione
455 381 549 423 qua
580 369 652 410 est
680 365 976 423 praelucidus
1007 368 1282 422 usurpatum
1309 379 1408 410 esse
1433 366 1685 411 statuebat.
1740 365 1910 423 pacui

234 426 360 469 dum
404 425 523 470 Flor.
562 425 839 482 pacuuius
887 424 1013 467 dum
1056 424 1202 468 Paris.
1244 438 1271 468 a
1315 424 1550 492 pacuuii
1598 425 1724 469 dum
1770 424 1906 470 Goth.

231 485 382 530 Haun.
429 483 825 550 praelucidum
865 482 917 527 Ο.
948 482 1222 539 Muellerus,
1269 483 1396 538 quod
1432 483 1483 527 in
1518 483 1608 529 hac
1644 484 1909 541 glossarum

233 543 351 588 serie
381 543 533 586 minus
566 542 709 586 etiam
738 541 982 598 probabile
1015 543 1087 585 est
1109 556 1251 597 quam
1279 541 1650 598 pellucidum.
1701 543 1908 587 Bueche-

231 602 353 646 lerus
386 600 701 645 dilucidum
731 600 986 657 proposuit.
1049 600 1115 645 Cf.
1149 600 1305 669 σοι-011.
1331 600 1470 645 XVII.

884 740 967 787 TE
975 739 1256 788 GHNICVS

349 835 651 880 Tecinicus
704 835 906 879 nominis
963 835 1162 880 formam
1221 835 1566 881 commendavit
1617 836 1906 882 Ritschelius

229 909 385 952 opusc.
410 896 453 939 II
476 899 575 951 483,
608 894 822 938 dolosum
850 894 927 939 uel
958 894 1235 939 insidiosum
1265 895 1575 952 interpretans
1607 910 1651 952 p.
1677 900 1777 939 499.

230 986 518 1039 confictant

347 1087 493 1131 Varro
526 1087 582 1130 de
606 1086 635 1131 l.
660 1087 690 1130 1.
715 1087 801 1130 VH
827 1091 910 1130 107
926 1086 989 1130 Μ.
1025 1087 1171 1143 ‘apud
1201 1087 1435 1131 Naeuium
1463 1087 1514 1131 in
1543 1087 1749 1132 Hesiona
1765 1124 1907 1133 ......

228 1145 279 1189 111
309 1145 562 1191 Technico:
595 1145 933 1202 confictant‚
966 1159 994 1189 a
1018 1146 1214 1190 conficto
1239 1146 1486 1191 conuenire
1511 1146 1718 1191 dictum.'
1777 1161 1906 1191 con-

226 1204 440 1248 fictant
456 1205 696 1248 Turnebus
729 1204 1047 1249 conficiant
1071 1222 1105 1249 ω
1238 1205 1559 1250 confictant
1591 1206 1905 1251 conuenire

226 1263 405 1308 Naevio
437 1263 604 1307 tribuit
633 1263 862 1321 Bergkius
918 1263 1169 1308 conficto
1203 1278 1231 1308 a
1261 1264 1591 1322 confingere
1625 1264 1815 1309 conieci.
1872 1279 1900 1309 a

228 1322 503 1380 conficto,
536 1322 798 1367 inuenire
829 1323 941 1367 Bue.

825 1461 1321 1511 TESTICVLARIA·

344 1559 409 1604 Cf.
442 1559 724 1604 Ritschelius
755 1561 941 1616 Parerg.
965 1559 988 1603 I
1012 1564 1110 1603 141.

226 1656 397 1710 Immo
438 1676 571 1726 quos
588 1658 791 1711 'scicidi
829 1659 887 1710 in
924 1658 1008 1711 iiis
1046 1658 1384 1711 conscindam
1423 1661 1582 1727 atque
1621 1658 1863 1712 abiciam.

341 1766 604 1810 Priscianus
626 1782 671 1823 p.
690 1771 776 1811 890
792 1767 842 1810 P.
871 1766 1049 1811 ‘scindo
1076 1766 1212 1811 scidi:
1242 1765 1551 1810 uetustissimi
1574 1768 1733 1810 tamen
1757 1765 1903 1810 etiam

225 1824 430 1868 scicidi
460 1825 759 1882 proferebant
785 1859 910 1871 .....
918 1826 930 1847 ’
996 1825 1062 1871 cf.
1094 1825 1183 1870 inc.
1216 1825 1311 1870 fab.
1336 1826 1413 1870 VI.

341 1928 504 1972 scicidi
544 1929 594 1972 in
631 1928 703 1972 ius
741 1930 905 1986 scripsi
944 1928 1106 1973 scicidi
1143 1928 1296 1973 minus
1343 1931 1400 1985 (h.
1434 1943 1468 1973 e.
1508 1928 1559 1972 in
1597 1927 1721 1983 iuus)
1765 1927 1901 1972 Grut.

224 1987 363 2045 Sany.
389 1994 430 2032 et
452 2002 565 2034 corr.
590 1990 669 2034 alt.
693 2003 749 2033 m.
767 1990 819 2033 in
844 1988 1109 2032 scicidimus
1134 1989 1282 2046 Bony.
1309 1986 1598 2038 sciscidimus
1623 1986 1734 2044 Rey.
1797 2001 1905 2030 con-

227 2045 456 2103 scindam‚
487 2062 520 2091 n
549 2049 601 2092 in
631 2062 736 2103 ras,
768 2048 911 2093 Barb.
954 2047 1197 2097 concidam
1226 2062 1280 2103 x,
1312 2053 1426 2092 recte
1455 2052 1508 2092 ut
1538 2047 1627 2091 vid.

842 2192 1255 2242 TRIBACELVS
1265 2194 1291 2222 '³‘

227 2291 369 2345 Deos
408 2294 603 2362 quaeso
642 2296 704 2345 ut
742 2292 980 2345 adimant
1017 2293 1071 2345 'et
1107 2294 1315 2361 patrem
1354 2293 1408 2343 et
1445 2292 1671 2343 matrem
1709 2309 1870 2344 meos,

341 2400 552 2445 Donatus
582 2401 633 2444 in
663 2401 765 2445 Ter.
790 2400 987 2457 Adelph.
1005 2399 1070 2444 lV
1087 2404 1126 2456 1,
1144 2403 1171 2442 5
1206 2398 1449 2443 ‘moriatur
1479 2398 1672 2444 scilicet.
1734 2401 1782 2443 et
1812 2399 1900 2442 hoc

225 2459 446 2502 aduersus
480 2461 667 2504 seruum*
694 2459 835 2503 debet
865 2458 1033 2515 dicere,
1063 2472 1123 2502 ne
1153 2458 1423 2502 indecorum
1454 2457 1766 2502 adulescentis
1797 2472 1900 2514 per-

225 2531 366 2561 sonae
406 2518 468 2562 sit
504 2519 620 2563 haec
658 2518 728 2563 ita
767 2518 939 2562 dixisse
951 2554 962 2575 ‚
1008 2516 1223 2573 quamuis
1270 2516 1368 2561 eius
1411 2516 1540 2561 modi
1579 2517 1899 2561 adulescentes

223 2575 450 2620 inducant
472 2577 650 2633 comici,
674 2579 728 2621 ut
743 2576 950 2622 Naeuius
974 2576 1025 2620 in
1040 2575 1307 2621 Tribacelo:
1333 2576 1462 2620 deos’
1490 2589 1527 2620 e.
1547 2591 1590 2631 q.
1610 2591 1642 2620 s.
1669 2575 1899 2632 (Neuius

222 2635 386 2691 Lugd.‚
403 2635 562 2679 cuius
579 2637 741 2682 Dresd.
801 2636 919 2680 trib
931 2635 1090 2680 acelo
1108 2634 1272 2692 scripsi
1287 2634 1403 2679 trib
1416 2635 1605 2678 ascelo
1623 2634 1693 2679 ed.
1711 2634 1898 2678 Mediol.

225 2693 508 2738 tribaselo
540 2695 639 2739 cod.
671 2696 819 2752 Lugd.
858 2694 1168 2739 tribasello
1200 2693 1350 2739 Grand.
1390 2696 1479 2738 ter
1507 2693 1705 2738 baselo
1737 2693 1898 2738 Dresd.

224 2751 524 2809 Triphallo
556 2753 769 2812 Bothius)
802 2754 858 2799 cf.
891 2753 1049 2798 Plauti
1079 2753 1215 2797 Most
1242 2758 1340 2797 233.

293 2856 301 2864 '
345 2855 557 2899 adimant
579 2856 757 2912 Dersd
782 2858 881 2902 edd.
900 2858 1029 2902 Rom.
1056 2857 1189 2901 Vind.
1215 2855 1483 2900 adimantur
1498 2856 1647 2914 Luyd.
1673 2855 1900 2899 adiuuent

227 2914 399 2970 Gand„
432 2915 530 2959 edd.
563 2915 687 2959 Med.
726 2916 858 2962 Tarv.
950 2918 998 2960 et
1027 2908 1245 2960 matrem
1255 2917 1303 2959 et
1332 2917 1515 2971 patrem
1546 2915 1696 2972 Luyd.
