2060 3140
240 117 345 170 136
525 115 608 159 EX
635 113 912 160 INCERTIS
942 113 1340 159 INOERTORVM
1369 113 1620 159 FABVLIS

235 247 572 293 nobilitatis
620 247 914 292 obscurae:
961 246 1252 290 halofantam
1282 261 1341 290 m.
1373 247 1438 290 n.'
1501 245 1566 290 Cf.
1598 246 1660 291 M.
1692 246 1910 290 Hertzius

237 306 410 352 annall.
434 306 612 364 philoll.
640 310 753 350 1862
783 320 827 362 p.
856 309 954 349 725.

237 484 553 539 Paninculis
591 483 657 535 ad
693 482 823 535 litus
860 399 1309 535 111ᾶ113ΧοΞ1ἱΥ111118.

355 584 557 629 Isidorus
589 582 734 640 origg.
766 582 872 626 XIX
898 588 937 639 1,
963 583 1068 626 20⁶
1078 596 1214 639 paro
1244 582 1487 639 nauigium
1515 583 1772 640 piratarum
1803 585 1913 628 usui

239 646 434 710 aptum.
463 679 471 687 .
498 641 712 687 .Cicero:
744 643 855 685 tunc
888 619 937 685 se⁷
965 641 1212 697 fluctigyro
1243 641 1391 685 tradit
1420 642 1704 698 mandatque
1728 643 1911 700 paroni.

240 705 288 747 et
318 701 483 746 alibi·
513 699 799 757 parunculis’
834 714 872 744 e.
905 715 948 756 q.
983 715 1016 744 s.
1081 699 1146 744 cf.
1181 699 1353 746 annall.
1386 700 1566 757 philoll.
1594 705 1707 747 1866
1737 717 1782 758 p.
1808 706 1909 748 399

1005 825 1148 872 XVII

242 910 527 964 Contendit
566 909 767 963 oculos:
808 909 1088 978 derepente
1128 908 1262 962 abiit
1300 909 1463 963 celox.

355 1010 535 1055 Nonius
568 1014 667 1066 518,
699 1015 726 1054 8
761 1009 1092 1066 ‘derepente
1123 1008 1421 1066 Turpilius..
1442 1010 1689 1055 .Ennius.
1740 1011 1910 1056 ‚Afra-

236 1070 343 1114 nius
383 1071 444 1128 [v.
471 1074 554 1114 199
580 1070 667 1127 sq.]
705 1068 830 1113 idem
868 1025 955 1128 [Vp
964 1069 1069 1127 223]
1109 1067 1440 1113 Contendit’
1477 1083 1514 1114 0
1547 1084 1590 1125 q.
1625 1085 1660 1114 s.
1725 1070 1914 1115 ‘Accius

300 1128 533 1173 .Nouius.
582 1127 880 1173 ‚Terentius
929 1126 1292 1184 .Pomponius„
1313 1127 1551 1172 ,Ennius.
1601 1129 1810 1174 ..Varro
1892 1130 1906 1151 '

239 1164 428 1245 (Idem·
461 1186 760 1231 contendit
789 1163 994 1243 Lipsius3
1024 1187 1133 1242 post
1157 1164 1327 1231 exilit
1349 1186 1567 1231 ultimum
1589 1165 1914 1244 praecedentis

240 1260 402 1303 exemp
404 1246 440 1289 li
462 1246 655 1290 verbum
679 1245 888 1289 excidere
919 1245 1056 1288 item
1084 1244 1264 1302 potuit,
1297 1259 1357 1289 an
1381 1245 1666 1292 Titinius?
1707 1248 1915 1303 ‘poetam

238 1305 461 1350 ueterem'
497 1304 612 1348 dicit
641 1303 879 1349 Bentleius
912 1303 973 1348 ad
1002 1303 1111 1348 Hor.
1145 1303 1278 1360 epist.
1309 1304 1332 1347 I
1364 1309 1404 1361 1,
1437 1307 1510 1358 28)

358 1392 479 1437 abiit
507 1393 690 1449 scripsi,
719 1393 824 1436 item
854 1392 1007 1437 Luchs
1035 1394 1151 1437 stud.
1184 1392 1213 1435 Ι]
1239 1396 1293 1436 70
1326 1391 1427 1436 abit
1457 1393 1535 1437 Ba
1571 1393 1708 1437 habit
1741 1393 1784 1438 G
1801 1394 1913 1438 HL

299 1452 431 1497 celox
461 1452 650 1509 Lipsius
680 1450 781 1495 0010
813 1468 847 1494 ω
880 1450 1005 1495 colos
1037 1451 1233 1496 Rothius
1261 1455 1365 1495 loco
1397 1451 1589 1510 Machly

991 1573 1168 1623 XVIII

236 1660 537 1714 Vinnulum
575 1659 893 1713 sensssocum
933 1701 1357 1712 .........

356 1760 536 1805 Nonius
566 1776 611 1817 p.
638 1765 735 1816 186,
763 1765 819 1804 10
853 1759 1173 1803 ‘uinnulum
1213 1760 1363 1804 sensi
1400 1760 1604 1818 locum,
1643 1761 1693 1805 id
1725 1764 1797 1807 est
1826 1762 1916 1806 in-

238 1820 536 1865 lecebrum.
583 1819 778 1863 Plautus
808 1818 1027 1863 Asinaria
1060 1855 1067 1863 .
1096 1855 1104 1863 .
1132 1856 1141 1864 .
1175 1818 1385 1863 oratione
1416 1818 1612 1864 uinnula
1645 1821 1913 1866 uenustula’

240 1878 675 1936 (inlecebrosum
717 1877 989 1934 Quicherat,
1027 1879 1081 1922 ut
1120 1877 1221 1935 ipse
1263 1878 1454 1924 conieci.
1485 1878 1835 1925 inlecebram
1867 1896 1912 1937 x,

240 1937 298 1982 cf.
331 1952 435 1983 ann.
466 1937 647 1994 philoll.
682 1941 795 1982 1868
825 1952 870 1994 Ρ.
895 1938 999 1994 429)

358 2024 635 2070 sensilocum
665 2026 722 2083 (h.
747 2039 783 2070 e.
814 2024 988 2069 sensim
1016 2004 1304 2081 loquentem:
1337 2027 1395 2081 cf.
1427 2027 1574 2072 coroll.
1607 2026 1704 2084 XL)
1737 2028 1847 2073 Par.
1878 2012 1918 2073 O

238 2086 479 2130 continuat
509 2084 632 2128 sensi
660 2084 815 2129 locum
846 2101 881 2141 φ
913 2084 1196 2128 sensiculum
1230 2085 1413 2131 Onimis.

1020 2195 1137 2242 XIX

155 2292 211 2331 26
241 2277 323 2331 Ea
361 2282 442 2332 est
478 2279 743 2349 seditiosa,
782 2296 843 2331 ea
881 2281 1002 2331 clim
1041 2279 1158 2331 uiro
1199 2278 1398 2331 bellum
1436 2279 1589 2350 gerit.

361 2379 517 2424 Cicero
551 2380 612 2423 ad
634 2378 843 2424 Atticum
871 2378 915 2422 H
940 2383 979 2434 1,
1005 2381 1032 2421 5
1062 2379 1166 2435 ‘ego
1197 2378 1346 2422 illam’
1381 2378 1627 2437 (Clodiam)
1661 2380 1758 2424 ‘odi
1789 2381 1913 2425 male

244 2438 555 2484 consularem.
587 2451 650 2482 ea
682 2439 770 2482 est
800 2437 946 2482 enim
976 2436 1278 2494 seditiosa,
1304 2450 1367 2481 ea
1391 2451 1509 2482 cum
1540 2438 1666 2483 uiro
1697 2439 1916 2484 bellum

242 2496 412 2554 gerit,
450 2510 601 2553 neque
640 2496 791 2541 solum
821 2510 926 2540 cum
954 2495 1167 2553 Metello,
1207 2474 1290 2540 sed
1320 2495 1464 2541 etiam
1495 2511 1599 2541 cum
1629 2498 1795 2543 Fabio’
1832 2502 1916 2556 (ea

243 2557 488 2611 utrumque
519 2555 709 2600 seclusit
738 2554 966 2600 Baiterus.
1013 2557 1100 2599 est
1130 2554 1277 2599 enim
1307 2570 1342 2600 s.
1375 2558 1431 2600 et
1462 2556 1746 2614 Schuetzius,
1778 2557 1912 2615 bene,

245 2613 285 2656 si
317 2613 548 2659 Ciceronis
587 2628 735 2659 sermo
775 2615 927 2672 esset)
990 2613 1226 2659 Comicum
1263 2628 1447 2658 versum
1484 2615 1660 2671 primus
1705 2616 1917 2660 enotavit

246 2671 458 2728 Orellius,
491 2687 686 2729 eumque
718 2675 902 2717 secutus
935 2675 1007 2717 est
1036 2671 1147 2730 Bue,
1180 2672 1261 2729 qui
1292 2673 1418 2718 Goni.
1450 2674 1552 2718 Lat.
1588 2679 1643 2718 19
1678 2674 1771 2718 ‘uel
1803 2674 1917 2719 Cae·

243 2730 404 2775 cilium
441 2731 518 2775 uel
547 2731 792 2776 Afranium
827 2731 878 2775 in
915 2731 1191 2789 imperiosae
1233 2731 1543 2789 descriptione
1582 2732 1793 2790 coniugis
1824 2734 1914 2778 hoc

241 2803 378 2833 usum
423 2791 540 2834 esse’
589 2791 770 2835 senario
817 2790 1029 2835 coniecit.
1100 2790 1306 2835 Conferri
1351 2790 1476 2835 idem
1521 2791 1654 2837 iubet
1698 2791 1918 2836 Axionici

244 2847 302 2892 fr
334 2853 374 2904 6,
407 2853 432 2892 9
472 2846 571 2894 οἷον
603 2848 778 2906 φίλερίς
807 2851 889 2901 τίς
908 2849 1002 2894 ἐστι
1031 2850 1112 2894 καὶ
1141 2847 1337 2908 μάχεταί
1364 2848 1410 2894 τί
1440 2866 1519 2907 μοι
1558 2864 1614 2895 ex
1645 2850 1912 2896 Chalcidico

243 2908 295 2951 et
324 2906 566 2951 Menandri
596 2907 650 2953 fr.
674 2913 783 2965 302,
817 2914 842 2952 6
873 2907 928 2954 Κ.
963 2908 1032 2966 (ἐκ
1061 2916 1154 2954 τῶν
1183 2910 1520 2968 Κυβερνητῶν),
