2060 3140
237 122 345 175 296
641 121 691 164 L.
723 82 1072 165 POMPONIVS
1102 119 1504 166 BONONIENSIS

355 254 536 298 Nonius
562 258 632 311 17,
657 258 711 297 21
741 252 955 297 ‘senica
987 252 1221 310 significat
1252 266 1403 298 senex.
1458 253 1740 310 Pomponius
1762 254 1919 300 Picto·-

237 313 367 357 ribus
400 313 459 372 [I]
490 312 616 356 idem
645 312 879 356 Praecone
909 311 1186 368 posteriore:
1219 312 1319 355 sed'
1347 325 1385 356 e.
1412 326 1454 367 q.
1481 327 1516 357 s.

240 462 256 504 l
288 466 307 505 t
358 402 439 445 sed
476 415 549 445 me
589 401 669 445 sed
709 401 892 444 exercet
930 400 999 456 W,
1039 401 1092 444 in
1129 401 1292 457 quibus
1328 401 1474 445 videri
1505 406 1652 457 potest
1689 402 1771 445 sed
1807 402 1917 445 med
2044 415 2047 472 Ι

257 475 286 504 a
307 475 377 505 ere

1050 539 1101 586 II

236 623 336 676 Vi's
374 624 545 676 facere
583 626 646 675 ut
682 624 914 676 nouerca
951 624 1193 675 uetulum
1233 624 1513 693 derepente
1554 624 1794 676 deserat?

355 723 535 768 Nonius
579 729 685 781 518,
728 729 781 767 16
832 724 1158 780 ‘derepente
1205 757 1219 771 .
1250 759 1304 769 ..
1353 723 1636 781 Pomponius
1681 724 1918 768 Praecone

237 783 515 840 posteriore:
547 782 638 826 uis’
666 797 703 827 e.
730 798 772 839 q.
799 798 833 829 s,

1039 879 1117 927 ΠΙ

236 961 338 1015 'Ad
363 962 584 1015 Veneris
610 963 908 1031 profectust
934 981 1089 1015 mane
1112 963 1341 1033 uetuluS‚
1371 966 1561 1015 uotum
1584 966 1646 1015 ut
1672 963 1925 1020 solueret.
1963 1041 1967 1043 ‚

236 1050 336 1104 'Ibi
374 1069 515 1103 nunc
554 1053 818 1121 operatur.

354 1152 534 1196 Nonius
560 1157 659 1207 523,
687 1157 741 1196 10
775 1151 1021 1209 ‘operari
1052 1153 1124 1195 est
1147 1152 1258 1196 deos
1288 1151 1506 1208 religiose
1531 1154 1579 1195 et
1609 1165 1714 1195 cum
1738 1144 1918 1196 summa

237 1210 539 1255 ueneratione
572 1210 811 1255 sacrificiis
842 1211 1001 1267 litare,
1041 1210 1118 1254 uel
1150 1210 1404 1255 conuiuari.
1466 1211 1749 1267 Pomponius
1780 1211 1919 1254 Prae-

238 1284 352 1314 cone
382 1270 659 1334 posteriore:
694 1270 771 1313 ad’
802 1284 839 1314 e.
866 1285 909 1325 q.
937 1285 969 1314 S.
1004 1269 1307 1326 (posterior
1337 1269 1519 1328 Bamb.)

357 1363 379 1401 1
412 1358 686 1414 profectu'st
717 1358 946 1402 Munkius
983 1358 1219 1415 profectus
1259 1359 1330 1402 est
1361 1359 1439 1403 Ba
1475 1357 1737 1414 profectum
1776 1360 1848 1402 est
1878 1358 1927 1401 P

235 1417 448 1473 profectu
487 1419 559 1461 est
597 1435 632 1474 φ
673 1419 745 1461 est
781 1417 1016 1474 profectus
1055 1419 1256 1462 ‘numeris
1287 1418 1533 1462 lenioribus
1570 1418 1776 1462 iambicis
1813 1418 1922 1461 olim

237 1477 362 1520 edidi
459 1481 484 1519 2
518 1478 737 1533 operatur
767 1477 936 1521 conieci
965 1483 1018 1521 ut
1043 1477 1357 1534 Quiche‘ratius
1389 1478 1606 1533 operatus
1639 1478 1711 1520 est
1742 1494 1777 1520 ω
1810 1489 1918 1532 ope—

237 1535 405 1579 ratu'st
436 1536 664 1580 Mwnkius

1043 1616 1116 1663 IV

150 1696 234 1735 135
1179 1685 1342 1755 efflue,
1381 1685 1631 1754 adportas
1668 1685 1918 1737 mintium

237 1772 412 1826 Nobis
451 1773 715 1842 disparem
754 1773 1007 1826 diuisum:
1053 1773 1179 1825 huic
1218 1773 1331 1826 seni
1376 1774 1583 1826 senium
1622 1775 1676 1825 et
1715 1776 1919 1826 metum

356 1873 537 1917 Nonius
578 1879 631 1930 2,’
659 1879 713 1917 27
757 1873 993 1917 ‘senium
1035 1876 1106 1917 est
1142 1873 1352 1917 taedium
1390 1875 1436 1917 et
1476 1873 1635 1918 odium
1674 1872 1851 1916 dictum
1891 1887 1920 1916 a

238 1935 478 1977 senectute
512 1969 640 1978 .....
673 1932 956 1989 Pomponius
987 1933 1221 1977 Praecone
1250 1933 1528 1990 posteriore:
1565 1932 1714 1976 calue’
1751 1945 1788 1976 e.
1813 1947 1857 1987 q.
1885 1947 1919 1976 s.

360 2027 384 2065 2
419 2021 655 2064 diuersum
688 2021 1002 2079 Quicheratius
1128 2022 1325 2066 Hiatum
1355 2022 1493 2077 facile
1521 2026 1586 2067 est
1613 2024 1780 2068 inserto
1809 2036 1927 2066 nam

239 2082 392 2125 tolle-re
423 2081 627 2138 suppleto
657 2082 752 2125 scil.
785 2080 938 2124 adfers
971 2082 1101 2125 verbo

1057 2205 1104 2252 V

236 2287 329 2340 'At
365 2292 419 2341 te
459 2289 514 2340 di
553 2307 737 2342 omnes
769 2293 890 2342 cum
930 2289 1168 2359 consilio,
1208 2290 1372 2358 calue,
1410 2289 1721 2342 mactassi'nt
1754 2290 1919 2342 malo!

356 2388 537 2433 Nonius
577 2394 773 2450 342,11
818 2391 1092 2433 ‘mactare
1138 2389 1263 2433 malo
1309 2390 1506 2434 adficere
1553 2389 1788 2447 significat
1834 2425 1846 2435 .
1870 2424 1882 2436 .
1906 2423 1920 2436 .

237 2448 520 2505 Pomponius
552 2426 786 2493 Praecone
815 2448 1093 2505 posteriore:
1129 2450 1195 2492 at’
1224 2462 1260 2494 e
1287 2464 1328 2505 q.
1355 2464 1389 2493 s.

240 2670 301 2724 Si
337 2673 500 2724 sciam
541 2673 671 2742 quid
707 2673 843 2725 uelis
852 2716 866 2742 ,
907 2673 1059 2742 quasi
1097 2673 1239 2725 serui
1278 2673 1468 2749 comici
1507 2672 1826 2725 conmictilis

266 2830 274 2837 υ
354 2773 534 2852 Non'ius
567 2777 636 2829 83,
671 2778 696 2816 2
731 2773 1117 2818 ‘conmictilis
1180 2773 1463 2830 Pomponius
1494 2774 1728 2818 Praecone
1762 2775 1917 2829 poste-

238 2845 379 2876 nore:
412 2846 452 2874 ει
497 2845 535 2877 e.
560 2846 603 2887 q.
629 2846 662 2876 s,

359 2919 553 2963 sciscam
588 2920 902 2977 Quicheratius
1022 2920 1095 2963 uis
1126 2921 1323 2965 Bothius
