2060 3140
147 1020 202 1059 41

229 121 336 174 316
950 120 1176 165 NOVIVS

346 253 509 297 Festus
554 268 597 310 p.
632 258 716 297 372
755 253 816 296 M.
868 254 1090 298 ‘uecors
1140 255 1212 297 est
1259 253 1439 297 turbati
1488 268 1544 297 ac
1584 254 1698 298 mali
1739 254 1907 300 cordis

229 312 460 356 Pacuuius
499 339 555 345 —
595 339 651 345 —-
698 314 745 356 et
786 311 1002 355 Nouius
1049 311 1106 354 in
1147 311 1391 356 Hercule
1434 314 1718 380 coactor-e·
1758 313 1907 357 tristi-

230 371 452 415 moniam’
487 385 524 415 e.
550 385 593 426 q.
623 385 657 414 s.
724 370 971 414 Herculem
1009 372 1270 414 coactorem
1303 371 1619 415 Mommsenus
1657 372 1707 415 in
1745 386 1906 416 comm.

232 431 362 475 acad.
402 429 602 473 Berolin.
653 434 767 473 1864
818 444 863 486 p.
896 434 952 473 86
1005 429 1340 485 interpretatur
1395 430 1652 474 ‘lucrorum
1703 430 1773 475 ita
1824 446 1908 488 po-

230 490 450 591 beffioemt’
468 490 521 531 ut
558 487 658 545 ipse
695 487 959 532 auctionem
989 487 1137 532 faciat
1166 490 1215 532 et
1249 488 1386 532 bonis
1419 488 1673 534 diuenditis
1706 504 1909 534 summas

232 561 282 591 re
335 561 397 604 ga

353 656 377 694 2
411 650 683 694 deturbauit
713 651 940 708 Berykius
971 650 1191 694 deturbat
1223 652 1335 705 cod„
1364 653 1635 696 servandum
1664 625 1717 696 iu
1746 658 1912 709 septen.

234 711 368 755 trech.
400 711 574 767 iuteyro
604 715 747 754 censet
777 710 893 767 Bue,
926 711 1157 767 epularem
1186 711 1445 768 iutelleyeus
1473 711 1752 756 hilaritatem

915 908 1237 956 HETAERA

240 1006 444 1060 Gnatus
483 1005 670 1059 artiuit
708 1007 904 1076 <suae>
942 1007 1104 1059 matri
1142 1007 1501 1060 interfeminia
1538 1008 1763 1061 fortiter.

353 1122 533 1166 Nonius
565 1126 664 1178 505,
698 1127 751 1165 31
789 1121 1017 1165 ‘artiuit
1045 1136 1129 1178 pro
1162 1122 1352 1167 artauit.
1410 1122 1591 1167 Nouius
1621 1123 1798 1167 Dotata
1831 1159 1841 1167 .
1868 1160 1877 1167 .
1906 1161 1916 1169 .

237 1180 361 1225 idem
391 1181 659 1226 Hetaera:
692 1183 887 1224 conatus
920 1180 1099 1224 artiuit’
1127 1195 1165 1225 e.
1191 1196 1235 1236 q.
1261 1197 1294 1226 S.
1329 1182 1542 1238 (ethera
1564 1182 1626 1226 W
1657 1182 1820 1226 ethra
1845 1182 1917 1227 Ba

239 1240 436 1284 aethra
466 1240 553 1283 HL
592 1240 842 1283 Hetaera
873 1239 1119 1296 Bentinus)

354 1345 524 1400 gnatus
562 1344 724 1399 scripsi
761 1343 956 1386 conatus
995 1360 1029 1386 ω
1077 1357 1182 1386 cum
1218 1345 1358 1387 natus
1390 1344 1648 1388 PaZmerius
1689 1345 1917 1401 cognatus

237 1404 302 1447 ed.
337 1404 441 1447 Veu.
482 1404 624 1458 quom
659 1403 823 1445 natust
853 1402 1107 1447 Muellerus
1130 1404 1311 1459 prosod.
1338 1403 1498 1447 Plaut.
1525 1407 1610 1446 592
1633 1417 1720 1460 sq:
1756 1405 1916 1448 melius

239 1461 403 1506 artiuit
445 1475 550 1504 cum
590 1462 752 1505 natust
794 1462 1005 1506 scriberes
1138 1460 1455 1506 interfeminia
1493 1462 1750 1507 Palmerius
1793 1461 1919 1506 inter

237 1520 411 1565 femina
443 1519 656 1578 (feminas
684 1520 743 1577 Ο)
776 1537 810 1563 ω

914 1674 1241 1723 LIGNARLA

1065 1778 1090 1825 I

242 1862 463 1934 Signare
504 1865 716 1932 oportet
753 1862 986 1915 frontem
1025 1862 1196 1915 calida
1231 1862 1446 1931 forcipe.

358 1978 622 2022 Priscianus
645 1994 690 2036 p.
709 1983 792 2022 657
818 1978 866 2022 P.
896 1978 1159 2035 ‘forceps,
1194 1991 1385 2034 auceps:
1414 1991 1533 2033 quae
1556 1980 1715 2022 tamen
1738 1980 1922 2023 ueteres

242 2037 386 2083 etiam
415 2037 639 2082 feminino
679 2051 846 2095 genere
883 2037 1219 2094 protulerunt.
1285 2036 1506 2081 ‚Nouius
1545 2036 1595 2080 in
1624 2037 1919 2095 Lignaria:

243 2126 444 2193 signare'
472 2140 510 2171 e.
537 2141 579 2182 q.
607 2141 640 2171 s.
674 2108 906 2191 (Nouius
938 2126 1051 2183 Reg.
1091 2126 1306 2170 Neuius
1339 2126 1468 2171 Grut.
1494 2126 1631 2170 Barb.
1731 2126 1814 2183 lig
1821 2140 1919 2170 113-

241 2185 327 2230 rio
358 2186 508 2230 Er1.b
548 2184 806 2242 signarla
835 2185 960 2242 Lips.
985 2185 1031 2242 b,
1062 2185 1186 2229 unde
1218 2185 1485 2243 Signario
1517 2185 1734 2229 Krehlius
1769 2184 1921 2229 Lici-

241 2260 299 2288 n1
311 2259 432 2288 3113
464 2244 755 2301 Spengelius)

1054 2370 1105 2416 II

246 2453 382 2517 Quia
419 2453 658 2522 supellex
699 2454 891 2523 multa,
938 2471 1072 2522 quae
1109 2471 1218 2506 non
1255 2453 1448 2523 utitur,
1495 2453 1691 2506 emitur
1729 2456 1921 2505 tamen.

362 2569 540 2613 Gellius
578 2569 664 2613 XV
701 2574 756 2612 13
806 2568 1009 2613 ‘Nouius
1055 2568 1105 2612 in
1150 2568 1372 2649 Lignaria
1416 2570 1631 2625 uerbum,
1679 2571 1804 2625 quod
1851 2571 1925 2613 est

243 2627 448 2684 utitur,
489 2642 545 2672 ex
575 2627 810 2672 contraria
839 2630 973 2685 parte
1005 2627 1140 2673 dicit.
1174 2628 1324 2684 (11113’
1352 2642 1390 2672 e.
1415 2643 1458 2684 q.
1485 2643 1519 2672 s.
1578 2628 1646 2672 ‘id
1678 2631 1768 2684 est,
1801 2642 1921 2684 quae

246 2686 351 2730 usui
380 2701 475 2731 non
506 2688 609 2731 est’
644 2686 812 2744 (ligat
850 2687 1019 2730 archa
1057 2686 1167 2731 iam
1204 2687 1262 2730 in
1301 2687 1555 2744 lignaria
1585 2687 1731 2745 Lugd
1772 2687 1924 2743 ligat

246 2745 497 2789 archiam
541 2746 599 2789 in
644 2745 955 2803 lignariam
996 2745 1139 2789 Paris.
1186 2745 1506 2790 Liciniaria
1551 2746 1600 2789 in
1645 2762 1736 2802 mg
1776 2746 1919 2803 Magl.

245 2803 535 2860 ligatarca
565 2805 681 2848 Dan.
699 2804 841 2861 Magl.
874 2804 1203 2861 ligatarcha
1233 2805 1391 2849 Petav.
1425 2805 1575 2872 lig-ot
1604 2808 1764 2849 tarca
1787 2805 1918 2849 Voss.

245 2862 556 2919 Legataria
600 2863 718 2907 coni.
752 2863 864 2907 olim
908 2863 970 2907 M.
1002 2862 1234 2920 Hertzius)
1317 2863 1474 2907 Etiam
1511 2863 1561 2907 in
1600 2864 1698 2908 cod.
1740 2863 1924 2907 Cusano

246 2936 291 2977 p.
313 2926 395 2965 118
427 2922 481 2966 Κ.
515 2925 690 2979 extant,
723 2923 805 2966 sed
835 2922 965 2966 nullo
999 2921 1160 2966 addito
1191 2922 1390 2966 nomine.
