2060 3140
252 118 329 171 90
802 115 1109 160 CAECILIVS
1140 115 1390 161 STATIVS

374 247 553 293 Genius
584 248 627 293 V
658 253 699 306 6,
733 252 787 291 12
822 248 999 293 ‘ciuica
1045 262 1216 293 corona
1249 283 1259 293 .
1286 283 1296 293 .
1322 282 1332 293 .
1364 247 1418 292 fit
1456 260 1481 292 e
1519 247 1682 292 f10nde
1725 261 1932 304 qucrnea

255 343 268 354 .
295 345 304 354 .
333 343 343 353 .
372 307 465 352 fuit
503 307 647 352 etiam
685 321 741 351 ex
778 306 907 363 ilice,
948 308 1074 363 quod
1111 321 1270 365 genus·
1296 306 1522 364 superiori
1551 306 1814 364 proximum
1845 309 1936 364 est,

254 366 395 411 sicuti
419 366 642 424 scriptum
666 368 737 410 est
752 365 802 409 in
819 366 1024 422 quadam
1046 365 1287 410 comoedia
1303 365 1516 411 Caecilii:
1542 366 1938 423 aduehuntur,

252 425 422 483 inquit,
455 426 598 470 cum’
634 438 671 469 e.
704 440 747 480 q.
781 440 815 469 s,
879 424 945 469 Cf.
978 424 1271 481 Triumphus.

1644 495 1671 518 u

375 527 625 572 aduehitur
646 528 844 573 Bothius
875 528 1140 572 adueuntur
1170 528 1294 573 Rott.
1327 528 1479 572 aduefi
1510 533 1552 573 et
1581 530 1667 572 unt
1695 529 1748 572 iri
1777 528 1867 584 fine
1888 531 1934 573 et

254 589 307 633 iri
330 589 564 644 principio
588 588 791 689 paMyinae
830 587 931 632 Vat.
963 586 1260 631 aduehuntur
1290 603 1326 643 φ
1437 586 1587 643 iligna.
1618 586 1934 633 fleckeisenus

254 648 381 704 epist.
414 647 513 691 crit.
544 646 702 691 adM
701 645 985 691 .Hertzium
1015 661 1064 703 p.
1099 650 1155 690 25
1186 645 1365 702 ilignea
1403 644 1579 702 (lignea
1608 646 1812 704 Reyffn)

256 705 497 749 aduehunt
526 704 646 748 Eum
677 719 783 749 011111
811 704 988 762 ilignea
1020 718 1192 749 corona
1225 704 1578 750 OFWMuezler

1024 815 1166 862 XXII

164 912 253 953 270
269 898 375 952 Pro
416 897 470 950 di
508 897 840 951 inmortales!
882 898 1021 951 unde
1058 897 1328 967 prorepsit
1365 896 1527 951 truo‘?

374 999 511 1043 Pauli
555 999 719 1043 Festus
764 1014 809 1056 p.
843 1004 928 1043 367
960 999 1021 1043 Μ.
1072 999 1223 1043 ‘truo
1273 998 1375 1043 auis
1421 964 1731 1044 onocrotalus.
1801 998 1938 1043 Cae-

257 1058 428 1103 cilius
460 1058 708 1102 irridens
739 1057 1194 1127 magnitudinem
1223 1058 1369 1105 nasi.
1400 1059 1503 1116 pro’
1538 1071 1576 1102 e.
1594 1073 1637 1114 q.
1665 1072 1699 1103 s.
1733 1057 1798 1103 Of.
1826 1057 1944 1102 CGl.

255 1118 299 1162 II
330 1123 417 1163 384
448 1117 501 1163 G.
534 1115 845 1174 ὀνοκρόταλον
875 1119 1000 1163 trico.

374 1206 497 1251 unde
528 1205 605 1250 hic
635 1206 827 1263 Aldina,
858 1206 1050 1262 fortasse
1081 1212 1194 1252 recte

1015 1316 1184 1364 XXIII

611 1400 657 1452 si
697 1400 978 1469 quassante
1017 1400 1189 1469 capite
1229 1400 1410 1453 tristes

255 1486 530 1541 Incedunt.

374 1588 523 1633 Servii
551 1588 782 1633 Lemovic.
828 1588 878 1633 in
908 1589 1046 1647 Verg.
1077 1603 1235 1647 georg.
1267 1589 1289 1633 1
1321 1593 1377 1633 74
1418 1589 1778 1647 ‘quassante,
1825 1589 1855 1634 i.
1889 1602 1931 1634 e.

252 1661 447 1705 quassa,
481 1661 601 1704 quae
633 1650 767 1692 sonet
798 1662 903 1692 cum
933 1649 1215 1704 quassatur?
1280 1647 1346 1693 Cf.
1378 1647 1537 1693 Plauti
1566 1648 1694 1694 Asin.
1727 1653 1830 1693 403.

376 1736 442 1781 sic
473 1738 592 1782 malo

1018 1802 1182 1850 XXIV

307 1887 526 1956 sequere
559 1905 659 1939 me.
685 1918 755 1924 —
778 1885 923 1939 Perii
954 1886 1145 1940 hercle.
1172 1918 1241 1925 ——
1266 1885 1362 1958 Tu,
1387 1886 1516 1956 quid
1540 1886 1681 1940 enim
1705 1886 1938 1941 oscitans

253 1974 587 2045 Hietansque
625 1976 830 2028 restas?

372 2075 620 2120 Diomedes
658 2091 703 2133 p.
736 2080 821 2120 336
853 2076 903 2120 P.
939 2075 1087 2120 ‘hiare
1128 2077 1176 2120 et
1219 2075 1443 2120 hietare
1489 2077 1670 2120 ueteres
1715 2075 1935 2122 dixerunt

257 2171 267 2180 .
295 2172 304 2180 .
331 2170 341 2179 .
366 2134 617 2181 Caecilius:
651 2136 859 2191 sequere’
895 2149 932 2179 e.
958 2150 1001 2191 q.
1028 2150 1061 2180 s.
1099 2134 1403 2191 (Caecilius
1435 2134 1681 2179 Putschius
1715 2135 1936 2181 caelius

254 2194 357 2239 Par.
389 2194 431 2237 A
461 2194 584 2240 Mon.
619 2195 719 2239 cod.
753 2194 959 2251 Scioppii
991 2194 1172 2238 celius
1206 2195 1310 2239 Par.
1340 2180 1397 2251 B)

375 2288 397 2326 1
424 2283 807 2340 praemittendum
815 2296 918 2349 age
941 2285 1009 2328 vel
1031 2284 1176 2328 simile
1198 2284 1330 2342 quid:
1362 2284 1644 2328 octonarium
1667 2284 1935 2329 continuum

247 2343 456 2398 praefert
486 2343 588 2387 Bae
726 2341 846 2399 perii
876 2341 1031 2386 hercle
1061 2356 1186 2386 riwnc
1214 2343 1378 2399 scripsi
1408 2348 1449 2387 et
1472 2356 1694 2399 personas
1723 2343 1933 2388 distinxi.

253 2400 354 2456 peri
384 2401 539 2446 hercle
563 2401 764 2455 Monac„
795 2402 890 2446 cod
916 2401 1120 2470 Scioppii
1140 2400 1362 2457 periercle
1384 2401 1493 2445 Par.
1512 2402 1557 2445 A
1579 2400 1794 2458 pehercle
1818 2401 1930 2446 Par.

254 2460 301 2503 B
316 2459 447 2516 praei
466 2460 621 2504 hercle
638 2461 895 2516 Putschius,
917 2461 1074 2505 ‘nterito
1096 2461 1357 2517 repudiavit
1382 2459 1727 2506 GFWMuezzer
1750 2462 1780 2505 Ζ.
1799 2461 1826 2505 Ζ.
1847 2465 1932 2504 742

343 2518 456 2574 quid
486 2521 670 2576 scripsi,
701 2533 784 2564 om.
818 2519 928 2565 Par.
961 2519 1007 2563 B
1046 2518 1128 2574 qui
1160 2536 1196 2576 φ
1367 2518 1492 2562 0111111
1521 2520 1590 2565 vel
1617 2533 1729 2564 nam
1757 2521 1933 2566 conicio

253 2576 370 2619 mihi
401 2595 436 2622 ω
467 2577 532 2622 1111
562 2578 828 2637 Spercyelius
943 2582 969 2621 2
1002 2580 1182 2622 restans
1215 2578 1326 2623 Par.
1358 2578 1404 2622 A

1029 2687 1166 2735 XXV

254 2755 431 2824 operis
470 2774 649 2809 remex

374 2853 531 2898 Cicero
556 2855 613 2899 de
638 2858 753 2900 orat.
777 2856 821 2901 II
846 2861 915 2913 10,
940 2861 996 2901 40
1031 2857 1098 2900 ‘et
1128 2855 1334 2914 Crassus,
1365 2870 1459 2900 nox
1490 2859 1552 2915 te,
1585 2856 1751 2913 inquit,
1783 2856 1935 2914 nobis,

256 2912 444 2968 Antoni,
478 2913 705 2970 expoliuit
735 2915 1062 2971 hominemque
1087 2914 1307 2960 reddidit.
1350 2929 1461 2959 nam
1483 2916 1701 2961 hesterno
1727 2928 1938 2960 sermone
