2060 3140
272 145 385 198 304
676 145 727 189 L.
758 144 1106 190 POMPONIVS
1136 143 1542 189 BONONIENSIS

273 280 444 323 medela
480 280 614 323 varia
651 283 692 322 et
728 278 872 322 dubia
910 282 992 321 est:
1041 277 1101 320 ad
1140 278 1246 320 eum
1281 275 1364 320 ubi
1405 277 1473 321 vel
1509 290 1583 320 me
1621 282 1726 322 aute
1763 277 1953 322 interim

272 338 560 382 inserendum
590 338 831 394 proposuit
863 336 1115 380 Muellerus
1148 337 1329 392 prosocl.
1362 335 1523 380 Plaut.
1556 340 1663 392 5923
1708 338 1802 393 ipse
1841 336 1953 380 dum

266 403 373 453 post
401 396 577 440 nudam
606 395 748 440 inseri
777 401 910 452 atque
939 397 993 438 ut
1023 395 1164 439 deleri
1192 395 1319 439 suasi

916 546 1303 596 VERNIONES

376 645 632 689 szmonns
658 660 686 689 a
709 658 853 689 verna
877 643 1117 701 appellati,
1141 646 1196 688 ut
1217 644 1438 688 vernulae
1459 644 1533 701 (cf.
1553 644 1709 689 coroll.
1726 644 1951 702 LXXXII)

272 703 536 761 legiturque
559 703 759 748 Vernio
790 718 960 748 nomen
993 706 1040 747 et
1071 703 1188 747 alibi
1220 705 1268 747 et
1297 703 1347 747 in
1379 702 1471 747 CIL
1501 703 1545 747 H
1578 718 1623 748 n.
1649 708 1778 749 2361.
1833 703 1950 748 Con-

270 763 471 807 ieceram
500 763 881 820 Vespillones,
912 761 1128 806 Hertzius
1158 761 1487 807 Herniones.

1093 895 1121 942 I

854 998 884 1031 a
921 978 1139 1048 peribO,
1176 997 1286 1031 non
1321 982 1538 1048 possum
1575 978 1711 1048 pati:

271 1067 471 1120 Porcus
493 1070 585 1138 est,
610 1086 767 1136 quem
789 1068 964 1120 amare
985 1067 1150 1136 coepi,
1174 1067 1407 1139 pinguiS,
1430 1085 1539 1120 non
1561 1067 1782 1136 pulcher
1802 1084 1950 1136 puer.

389 1168 568 1212 Nonius
603 1173 703 1224 506,
736 1173 792 1211 30
827 1167 1081 1224 ‘aperibo
1112 1182 1196 1224 pro
1229 1167 1447 1224 aperiam.
1509 1166 1791 1223 Pomponius
1822 1168 1951 1212 Ver-

269 1226 558 1271 nionibus:
599 1226 808 1283 aperibo'
843 1240 891 1273 e..
907 1241 949 1282 q.
976 1241 1009 1270 s.
1049 1226 1460 1283 (Vermionibus
1491 1226 1561 1269 Ba
1577 1226 1644 1269 Hl
1665 1227 1769 1271 Par.
1794 1241 1853 1271 m.
1877 1241 1946 1283 pr.

270 1285 660 1331 hermionibus
693 1300 806 1330 corr.
830 1284 973 1342 idem)
1006 1284 1207 1329 Fallitur
1236 1284 1582 1342 grammaticus.

389 1379 411 1417 1
446 1388 474 1418 a
495 1373 658 1431 peribo
685 1374 1004 1419 Fleckeiseuus
1031 1375 1205 1418 auuall.
1225 1374 1402 1430 philon.
1430 1377 1542 1417 1861
1570 1388 1618 1429 p.
1639 1378 1723 1417 142
1757 1373 1948 1431 aperibo

269 1433 453 1478 Nouius
591 1447 783 1490 possum
812 1432 964 1476 ciuem
992 1431 1095 1488 pati
1127 1433 1338 1489 ed.71476
1482 1437 1508 1475 2
1547 1446 1714 1488 porcus
1747 1432 1949 1491 Scaliyer

269 1506 401 1535 orcus
424 1502 477 1549 ψ,
508 1493 627 1550 quod
650 1493 757 1537 olim
780 1493 1044 1549 probabam.
1072 1505 1124 1535 or
1146 1506 1223 1535 sus
1245 1492 1292 1534 P
1319 1493 1446 1535 ortus
1471 1491 1510 1536 0
1534 1490 1696 1535 hortus
1722 1492 1949 1537 Muukius

1075 1625 1127 1672 H

178 1719 265 1759 175
284 1706 388 1761 Sed
426 1709 518 1778 qui
555 1711 811 1778 utrosque
851 1710 999 1761 error
1035 1727 1135 1762 uos
1175 1709 1365 1780 agitat,
1405 1708 1663 1777 expedibo
1705 1750 1714 1760 .
1757 1750 1767 1759 .
1806 1749 1820 1761 .

384 1809 563 1853 Nonius
596 1815 696 1866 505,
725 1815 779 1854 21
817 1810 1114 1867 ‘expedibo
1145 1824 1230 1868 pro
1263 1808 1508 1866 expediam
1541 1844 1550 1853 .
1579 1845 1587 1853 .
1615 1845 1624 1854 .
1657 1807 1942 1865 Pomponius

267 1868 666 1914 Vernionibus:
700 1869 806 1913 sed’
835 1883 874 1914 e.
899 1884 942 1926 q.
969 1884 1002 1914 S.
1067 1869 1132 1914 Cf.
1165 1869 1248 1914 Ed.
1275 1869 1452 1912 Becker
1483 1868 1603 1912 stud.
1631 1868 1654 1911 Ι
1684 1872 1783 1912 312.

384 1971 433 2001 se
464 1958 522 2002 H
530 1957 546 1983 ²
562 1958 627 2003 W
765 1959 988 2014 utrosque
1024 1959 1097 2003 vir
1133 1958 1288 2002 doctus
1326 1958 1379 2000 iu
1412 1959 1615 2015 maryiue
1645 1956 1782 2001 Juuii
1818 1957 1945 2000 utro-

266 2029 355 2071 que
395 2034 451 2072 m,
494 2017 564 2061 ‘iu
599 2023 836 2074 utramque
866 2017 1071 2074 partem'
1113 2019 1301 2074 interpr.
1334 2017 1438 2061 Bue
1575 2017 1716 2071 atque
1755 2014 1947 2071 eloquar

264 2076 398 2120 habes
427 2077 480 2120 iu
507 2077 599 2131 fiue
629 2076 848 2121 Enniani
875 2091 915 2122 v.
941 2082 1055 2135 tray.
1084 2080 1168 2119 135
1200 2076 1280 2134 qui
1309 2077 1464 2120 statim
1493 2076 1695 2133 sequitur

778 2245 1039 2293 VERRES
1078 2245 1167 2293 ΑΕ
1174 2243 1430 2294 GROTVS

1090 2348 1115 2395 I

265 2430 468 2484 Verum
505 2431 588 2484 illi
626 2431 828 2502 ualent,
869 2432 960 2501 qui
998 2432 1125 2502 <ui>
1163 2432 1435 2484 luctantur
1473 2450 1595 2484 eum
1631 2429 1900 2484 leonibus:

265 2518 363 2572 Eis
401 2522 509 2572 tete
547 2519 781 2572 obiectes
819 2520 1093 2572 frustatim
1129 2519 1464 2589 Passerinum
1500 2519 1820 2588 prandium?

383 2619 564 2664 Nonius
597 2625 695 2675 112,
727 2625 755 2663 4
790 2619 1111 2664 ‘frustatim
1142 2622 1190 2664 et
1226 2619 1520 2676 frustilatim,
1560 2633 1643 2676 per
1679 2619 1851 2674 frusta,
1891 2620 1945 2662 ut

266 2677 547 2723 minutatim.
592 2678 873 2735 Pomponius
890 2680 1031 2723 Verre
1058 2682 1270 2736 aegroto:
1295 2680 1474 2723 uerum’
1495 2693 1531 2724 e.
1551 2694 1593 2735 q.
1613 2693 1647 2723 S.
1693 2678 1758 2723 cf.
1784 2677 1942 2722 coroll.

265 2736 487 2784 LXXXII.
532 2738 829 2782 Passerinum
857 2738 1106 2796 prandium
1135 2738 1293 2796 tangit
1315 2739 1413 2782 Bue
1437 2753 1551 2783 mus.
1573 2738 1719 2782 Rhen.
1746 2741 1815 2794 35,
1841 2741 1942 2781 394.

387 2831 410 2869 1
442 2826 620 2870 uadent
650 2826 701 2871 F
736 2826 929 2871 ualeant
957 2842 991 2872 ω
1048 2827 1129 2871 Au
1158 2826 1413 2871 ualentne?
1531 2825 1582 2869 ui
1611 2827 1787 2871 inserui
1819 2839 1943 2868 nunc

266 2886 439 2928 mavult
467 2886 571 2930 Bue
698 2891 723 2929 2
756 2885 822 2929 eis
854 2888 951 2930 tete
981 2887 1144 2943 scripsi
1182 2886 1227 2930 ei
1256 2888 1304 2930 te
1338 2886 1389 2930 F
1395 2885 1413 2910 ²
1421 2885 1494 2930 H1
1532 2887 1580 2929 et
1609 2887 1657 2929 te
1689 2902 1724 2942 φ
1764 2883 1830 2928 eis
1861 2884 1943 2927 ted

267 2941 463 2987 Bothius
566 2944 774 2988 obiectas
806 2945 875 2989 ΓΙ
978 2944 1268 2989 frustulatim
1302 2945 1474 2990 Ouious
