2060 3140
657 129 883 174 SEXTVS
915 129 1229 175 TVRPILIVS
1669 133 1696 183 1
1705 132 1732 183 1
1742 132 1769 183 1

895 269 966 316 IX

98 394 470 405 ........
510 370 702 422 meres,
739 352 932 405 merito
971 357 1033 405 ut
1073 353 1294 424 diligare
1805 366 1862 406 85

214 452 393 497 Nonius
424 455 532 507 468,
567 457 621 496 19
665 452 867 497 ‘meret
904 468 988 510 pro
1026 456 1228 498 meretur
1260 491 1269 500 .
1297 492 1305 500 .
1334 493 1342 500 .
1375 455 1611 513 Turpilius
1649 455 1773 500 Filo-

94 515 229 569 patro
265 548 272 556 .
301 549 309 556 .
338 549 346 556 .
378 511 504 555 idem
533 511 727 557 Hetera:
758 514 921 556 meret’
958 527 995 558 e.
1028 528 1070 569 q.
1105 528 1139 558 s.
1186 553 1190 558 .

212 613 359 645 meres
394 601 567 645 Junius
613 602 888 657 (pyrrichice
931 603 1218 659 metiendum)
1263 605 1410 647 merei:
1455 621 1490 647 ω
1536 617 1660 648 mere
1705 605 1775 649 vel

95 662 270 704 mereto
302 661 564 716 praeplacet
594 659 866 705 Buechelero
1046 660 1272 706 Sermonis
1309 664 1558 719 eoeemplam
1588 664 1774 720 praebet

96 719 451 834 ᾖῗῖξπῖἔᾶἱῶῗ.
486 722 571 762 580
699 718 848 763 Nolui
877 732 1047 776 meres,
1077 719 1246 764 Merito
1278 721 1532 778 dirumpere
1561 736 1692 767 versu
1720 728 1774 767 ‘at

909 860 954 906 X
1761 907 1763 909 .

94 942 240 996 Haec
285 943 331 995 si
375 941 585 1012 inpetro
633 943 728 995 abs
773 946 826 995 te
872 945 935 994 ul]
986 943 1172 1012 faciaS‚
1225 943 1376 1012 (sat)
1429 944 1558 996 satis
1611 944 1772 997 fructi

1065 1049 1251 1100 cepero
1291 1034 1357 1084 ex
1394 1035 1460 1085 iae.

210 1131 389 1176 Nonius
420 1136 520 1187 491,
555 1136 580 1176 7
615 1131 818 1177 ‘fructi
848 1131 925 1175 uel
956 1131 1152 1176 fructuis
1182 1147 1266 1189 pro
1298 1133 1488 1178 fructus.
1536 1133 1772 1191 Turpilius

96 1190 321 1236 Caneforo
355 1228 363 1236 .
393 1228 401 1236 .
429 1228 438 1235 .
470 1191 596 1235 idem
625 1191 896 1236 Hethera:
928 1191 1062 1235 haee’
1098 1205 1136 1236 e.
1170 1206 1211 1247 q.
1246 1207 1280 1237 s.
1314 1193 1565 1249 (aethera
1594 1193 1682 1250 Ba)

212 1279 358 1324 facias
390 1280 586 1325 Rothius
615 1279 760 1324 faciet
797 1281 862 1325 W
884 1279 1032 1324 faciat
1063 1298 1098 1337 φ
1130 1280 1318 1325 factites
1349 1282 1452 1327 Bae
1583 1281 1699 1326 haec
1732 1281 1772 1325 si

95 1339 179 1383 abs
211 1341 259 1383 te
289 1341 343 1383 ut
371 1339 519 1383 faciat
548 1338 746 1396 impehro
778 1340 930 1384 Havet

894 1465 965 1512 XI

169 1547 351 1601 Satine
390 1552 450 1601 1512
487 1549 613 1618 (se)
651 1552 830 1601 meum
871 1567 962 1603 cor
998 1549 1368 1618 uohipffiatibus
1408 1549 1533 1602 dab?

164 1635 532 1690 Inm6rtalit1is
571 1655 626 1690 se
665 1636 864 1707 optulit
902 1638 978 1690 mi
1015 1637 1146 1690 haec
1183 1638 1423 1690 facultas.

208 1737 388 1782 Nonius
418 1743 518 1795 514,
552 1743 605 1782 27
642 1737 1095 1783 ‘inmortalibus’

210 1831 232 1870 1
269 1840 316 1870 se
351 1827 650 1883 Grautoffius‚
683 1840 764 1871 om.
798 1844 832 1870 ω
954 1832 978 1870 2
1010 1825 1076 1870 mi
1107 1827 1303 1872 Bothius
1331 1826 1448 1870 mihi
1480 1844 1514 1871 ω

779 1995 1082 2044 LEMMAE

210 2091 275 2136 Cf.
299 2090 485 2149 Λημνία
506 2091 729 2148 Alexidis,
754 2089 960 2149 Λημνίαι
982 2090 1264 2148 Antiphanis
1285 2091 1465 2148 Diphili
1481 2091 1767 2138 NicochariS.

92 2150 166 2194 Ita
195 2165 278 2207 pro
310 2151 504 2208 vulgatae
540 2151 755 2195 ‘Lemnii’
789 2150 932 2195 titulo
963 2150 1200 2208 inscripsit
1229 2150 1440 2195 fabulam
1471 2150 1768 2196 Grautoffius.

95 2209 324 2262 Quoniam
370 2211 426 2254 de
476 2209 782 2254 ‘redimffldo’
829 2209 962 2254 exule
1009 2209 1105 2254 filio
1154 2209 1322 2267 agitur,
1369 2209 1566 2254 fortasse
1610 2210 1770 2267 lembi,

94 2282 290 2323 quorum
312 2268 365 2313 fr.
383 2269 426 2313 V
448 2268 624 2313 mentio
649 2269 714 2326 fit,
740 2268 856 2313 item
878 2271 932 2312 ut
953 2268 1183 2312 in‘Plauti
1205 2268 1519 2313 Bacchidibus
1544 2274 1630 2314 280
1655 2283 1768 2326 sqq.‚

93 2326 282 2384 piratici
325 2327 632 2385 intellegendi
671 2331 800 2384 sunt,
841 2327 921 2384 qui
959 2330 1212 2385 rapuerunt
1249 2327 1540 2373 Phaedriam.
1601 2328 1672 2374 Fr.
1705 2329 1770 2374 VI

96 2386 171 2430 vel
202 2386 456 2431 meretricis
488 2387 564 2431 vel
593 2387 792 2445 parasiti
823 2387 966 2431 fuisse
997 2387 1192 2431 videtur.

920 2512 945 2559 I

89 2593 318 2664 Propber
354 2581 630 2664 peccabam
668 2596 957 2665 pausillum
997 2595 1362 2667 indignissime
1801 2608 1858 2647 90

90 2681 273 2735 Patria
309 2683 635 2752 prolzelalzum
674 2686 785 2737 esse
826 2684 1049 2737 saeuitia
1086 2685 1267 2754 patris.

208 2782 388 2827 Nonius
420 2788 527 2841 363,
561 2789 616 2828 14
663 2784 977 2841 ‘protelare
1025 2784 1168 2830 etiam
1214 2785 1471 2829 excludere.
1533 2764 1768 2842 Turpilius

90 2841 298 2888 Lemnis:
329 2844 535 2899 propter’
570 2856 608 2887 e.
642 2858 685 2899 q.
719 2858 753 2888 s.
787 2843 950 2901 (lenis
981 2843 1087 2901 BG)

212 2935 234 2974 1
266 2930 520 2987 pausillum
550 2932 596 2976 B
627 2931 932 2988 pausillulum
961 2942 999 2987 ψ
