2060 3140
773 118 863 163 CN.
896 118 1163 163 NAEVIVS
1733 118 1802 171 31

943 258 989 305 X

126 343 251 398 Non
289 334 466 396 hercle
505 342 698 412 apluda
736 345 817 396 est
853 342 1012 395 h6die
1052 360 1211 411 quam
1250 345 1311 395 tu
1347 342 1587 411 nequior.

243 442 381 487 Pauli
416 443 583 488 Festus
620 458 664 500 p.
693 447 748 487 10
771 443 833 488 Μ.
879 443 1115 500 ‘apluda
1160 444 1232 487 est
1276 455 1422 499 genus
1461 441 1805 486 minutissimae

126 503 292 560 paleae
330 502 553 547 frumenti
595 502 694 546 siue
731 502 910 559 panici,
959 502 1016 546 de
1058 516 1152 558 qua
1188 501 1418 547 Naeuius:
1463 502 1576 546 non’
1619 515 1656 546 e.
1691 516 1735 557 q.
1768 516 1803 546 s.

126 562 390 606 Thesaurus
421 575 527 606 nov.
560 561 662 606 Lat.
694 561 743 606 in
770 562 824 606 A.
850 561 948 606 Mai
979 564 1099 606 auct.
1133 560 1467 605 class.VHI54
1502 560 1703 618 ‘applu
1715 561 1804 617 da,

128 620 467 665 sorbitiuncula
499 634 555 664 ex
584 620 734 677 paleis
765 620 906 666 facta.
968 619 1199 665 Naeuius:
1230 620 1342 664 non’
1377 633 1414 664 e.
1441 635 1484 676 q.
1511 634 1544 664 8.

248 712 320 753 est
349 709 490 754 hodie
522 708 697 766 apluda
726 708 922 764 nequior
952 722 1094 764 quam
1123 711 1177 753 tu
1207 710 1445 754 thesaurus

931 833 1002 881 XI

128 918 489 971 Pessimorum
526 918 776 988 pessime,
816 917 1010 987 audax,
1047 917 1216 988 ganeo
1254 917 1426 969 lustro
1465 915 1603 969 aleo!

246 1018 383 1062 Pauli
420 1018 584 1062 Festus
621 1033 666 1075 p.
701 1022 757 1062 29
780 1018 842 1063 M.
886 1018 1168 1062 ‘aleonem
1214 1017 1500 1062 aleatorem.’
1541 1016 1807 1060 Thesaurus

129 1092 234 1122 nov.
267 1077 368 1122 Lat.
401 1077 452 1121 in
482 1077 536 1122 A.
560 1076 659 1121 Mai
690 1080 812 1122 auct.
846 1077 978 1122 class.
997 1077 1178 1121 VIH30
1213 1076 1307 1120 ‘hic
1338 1076 1485 1131 aleo,
1515 1075 1588 1119 nis
1622 1075 1694 1118 -i-
1727 1074 1810 1119 ille

129 1136 210 1192 qui
242 1137 429 1181 assidue
460 1150 565 1180 cum
588 1135 704 1181 aleis
728 1135 864 1194 ludit,
896 1137 1020 1181 unde
1042 1136 1272 1182 Naeuius:
1302 1134 1625 1192 pessimorum’
1654 1148 1690 1180 e.
1710 1149 1752 1190 q.
1773 1149 1807 1178 S.

247 1225 376 1269 lurco
415 1225 560 1270 Pauli
597 1225 838 1281 WtoenIa..
879 1226 1077 1271 Bothias
1178 1225 1351 1284 audax]
1399 1237 1519 1268 euax
1564 1225 1622 1268 ab
1668 1225 1811 1269 altero

130 1285 380 1329 exclamari
402 1286 604 1342 potuisse
635 1285 742 1329 olim
771 1286 929 1330 monui

128 1477 314 1548 Vagus
353 1478 434 1530 est
472 1481 526 1530 et
562 1477 732 1532 lustro
922 1409 1019 1456 ΧΠ

250 1578 384 1622 Thes.
409 1592 514 1624 nov.
532 1579 634 1624 Lat.
658 1579 709 1623 in
731 1579 785 1623 A.
803 1578 902 1623 Mai
932 1581 1053 1623 auct.
1080 1579 1213 1624 class.
1232 1578 1340 1622 VIII
1356 1582 1442 1622 313
1476 1577 1570 1621 ‘hic
1600 1577 1809 1634 lustro,

129 1636 203 1680 nis
237 1663 246 1671 ·
265 1637 309 1680 i·
342 1637 424 1681 ille
456 1637 536 1693 qui
566 1652 716 1696 uagus
748 1640 821 1682 est
851 1640 900 1682 et
928 1637 1049 1681 nihil
1081 1638 1181 1695 agit
1210 1637 1302 1681 nisi
1332 1636 1435 1681 fora
1464 1637 1649 1693 lustrat,
1687 1637 1810 1681 unde

130 1695 339 1740 Naeuius
371 1697 428 1740 de
460 1697 685 1752 quodam:
717 1710 919 1754 uagus,
949 1696 1125 1754 inquit,
1158 1700 1245 1742 est
1276 1698 1331 1740 et
1361 1696 1586 1741 lustro’.

909 1822 1033 1870 ΧΙΠ

130 1905 248 1959 Risi
288 1907 501 1977 egomet
537 1923 746 1959 mecum
786 1906 1173 1959 cassabundum
1210 1906 1288 1959 ire
1327 1906 1548 1959 ebrium.
1816 1920 1901 1960 120

248 2007 397 2051 Varro
430 2006 487 2050 de
511 2006 542 2052 1.
567 2006 700 2051 LVII
718 2011 773 2050 53
789 2007 851 2051 M.
880 2007 1024 2063 ‘apud
1046 2006 1300 2052 Naeuium:
1331 2005 1432 2050 risi’
1459 2020 1496 2051 e.
1515 2021 1558 2062 q.
1577 2021 1611 2051 s.
1662 2007 1811 2050 ‘cas—

134 2066 449 2111 sabundum
472 2080 500 2110 a
517 2065 761 2110 cadendo.’
803 2065 1065 2122 (Neuium
1080 2066 1200 2110 Flor.
1232 2065 1471 2109 Ennium
1488 2065 1624 2110 Goth.
1641 2065 1811 2122 Haun.)

132 2125 315 2169 Placidi
338 2125 498 2182 glossa
520 2124 571 2168 in
588 2124 694 2169 CGI.
713 2125 756 2169 V
774 2130 852 2170 52:
890 2125 1350 2182 ‘cassabundum‚
1377 2124 1672 2169 dubitantem
1694 2124 1811 2168 titu-

131 2185 356 2230 bantem.'
421 2183 486 2229 Cf.
511 2184 576 2228 IV
601 2188 669 2228 29.
693 2188 796 2228 316.

916 2265 1033 2312 XIV

136 2348 306 2402 Cdcus
344 2348 453 2401 edit
488 2347 803 2418 Neptunum
846 2347 1089 2402 Cererem
1129 2392 1449 2401 .......

131 2434 224 2490 'Et
238 2436 502 2490 Venerem
527 2437 799 2507 expertam
815 2437 1110 2491 Volcanom
1120 2480 1135 2508 ‚
1157 2437 1517 2506 Liberumque
1533 2437 1814 2490 obs6rbuit

131 2525 353 2579 Pariter.

257 2627 404 2672 Gloss.
438 2627 589 2672 Vatic.
623 2630 671 2672 et
701 2627 877 2672 Cassin.
910 2627 961 2670 in
992 2627 1098 2673 CGI.
1117 2628 1159 2671 V
1183 2632 1282 2671 521.
1308 2631 1394 2671 565
1428 2626 1580 2671 ‘Ceres
1612 2627 1813 2671 frumen-

137 2688 239 2729 tum
269 2686 347 2730 uel
377 2700 569 2743 panem,
607 2686 748 2731 Liber
777 2687 925 2730 uitem
955 2686 1033 2730 uel
1064 2686 1240 2742 uinum,
1274 2686 1431 2730 Venus
1460 2685 1707 2730 libidinem
1737 2686 1815 2730 uel

138 2745 290 2802 olera,
322 2745 568 2802 Neptunus
601 2760 772 2802 aquam
802 2746 880 2789 uel
909 2745 1075 2802 pisces,
1106 2745 1344 2790 Vulcanus
1375 2744 1531 2802 ignem
1559 2745 1637 2789 uel
1669 2745 1815 2789 solem

138 2803 440 2861 significant·
467 2818 634 2849 cocus
661 2843 668 2851 .
690 2842 698 2850 .
721 2842 728 2849 .
756 2804 1079 2861 obsorbuit,
1109 2804 1160 2847 id
1184 2806 1256 2848 est
1279 2817 1414 2848 cocus
1439 2803 1642 2848 comedit
1663 2803 1814 2860 pisces

139 2865 187 2906 et
222 2877 394 2920 panem
433 2866 481 2908 et
521 2864 648 2908 olera
687 2866 820 2908 cocta
859 2864 920 2907 ad
958 2863 1116 2920 ignem
1154 2866 1202 2907 et
1239 2862 1401 2911 uinum
1435 2862 1612 2920 pariter
1655 2862 1811 2906 bibit.’

135 2921 273 2965 Pauli
311 2922 476 2966 Festus
514 2937 559 2979 p.
593 2928 649 2967 58
680 2923 741 2967 M.
794 2924 1010 2967 ‘cocum
1063 2925 1111 2966 et
1155 2922 1379 2978 pistorem
1425 2923 1550 2979 apud
1597 2922 1813 2977 antiquos
