<?xml version="1.0" encoding="UTF-8"?>
<!DOCTYPE html PUBLIC "-//W3C//DTD XHTML 1.0 Transitional//EN"
    "http://www.w3.org/TR/xhtml1/DTD/xhtml1-transitional.dtd">
<html xmlns="http://www.w3.org/1999/xhtml" xml:lang="en" lang="en">
 <head>
  <title>
</title>
<meta http-equiv="Content-Type" content="text/html;charset=utf-8" />
  <meta name='ocr-system' content='tesseract 3.04.00' />
  <meta name='ocr-capabilities' content='ocr_page ocr_carea ocr_par ocr_line ocrx_word'/>
</head>
<body>
  <div class='ocr_page' id='page_1' title='image "./scaenicaeromanor02ribbuoft_0295.png"; bbox 0 0 2060 3140; ppageno 0'>
   <div class='ocr_carea' id='block_1_1' title="bbox 527 142 1797 196">
    <p class='ocr_par' dir='ltr' id='par_1_1' title="bbox 527 142 1797 196">
     <span class='ocr_line' id='line_1_1' title="bbox 527 142 1797 196; baseline 0.006 -7"><span class='ocrx_word' id='word_1_1' title='bbox 527 146 577 191; x_wconf 88' lang='lat' dir='ltr'>L.</span> <span class='ocrx_word' id='word_1_2' title='bbox 609 142 958 190; x_wconf 87' lang='lat' dir='ltr'>POMPONIVS</span> <span class='ocrx_word' id='word_1_3' title='bbox 989 144 1393 190; x_wconf 84' lang='lat' dir='ltr'>BONONIENSIS</span> <span class='ocrx_word' id='word_1_4' title='bbox 1690 143 1797 196; x_wconf 83' lang='grc'><strong>283</strong></span> 
     </span>
    </p>
   </div>
   <div class='ocr_carea' id='block_1_2' title="bbox 120 284 1484 438">
    <p class='ocr_par' dir='ltr' id='par_1_2' title="bbox 120 284 1470 438">
     <span class='ocr_line' id='line_1_2' title="bbox 918 284 991 332; baseline 0 0"><span class='ocrx_word' id='word_1_5' title='bbox 918 284 991 332; x_wconf 93' lang='lat' dir='ltr'>IV</span> 
     </span>
     <span class='ocr_line' id='line_1_3' title="bbox 120 351 1484 438; baseline -0.001 -16"><span class='ocrx_word' id='word_1_6' title='bbox 120 369 303 438; x_wconf 89' lang='lat' dir='ltr'>Incepi</span> <span class='ocrx_word' id='word_1_7' title='bbox 342 369 548 422; x_wconf 58' lang='lat' dir='ltr'>conius:</span> <span class='ocrx_word' id='word_1_8' title='bbox 594 351 862 438; x_wconf 88' lang='lat' dir='ltr'>conspicio</span> <span class='ocrx_word' id='word_1_9' title='bbox 903 369 1162 421; x_wconf 74' lang='lat' dir='ltr'>coleatam</span> <span class='ocrx_word' id='word_1_10' title='bbox 1200 369 1484 437; x_wconf 74' lang='lat' dir='ltr'>cuspidem.</span> 
     </span>
    </p>
   </div>
   <div class='ocr_carea' id='block_1_3' title="bbox 117 468 1797 644">
    <p class='ocr_par' dir='ltr' id='par_1_3' title="bbox 117 468 1797 644">
     <span class='ocr_line' id='line_1_4' title="bbox 235 468 1797 526; baseline -0.001 -13"><span class='ocrx_word' id='word_1_11' title='bbox 235 469 416 514; x_wconf 89' lang='lat' dir='ltr'>Nonius</span> <span class='ocrx_word' id='word_1_12' title='bbox 447 474 548 526; x_wconf 83' lang='lat'>470,</span> <span class='ocrx_word' id='word_1_13' title='bbox 581 475 635 513; x_wconf 90' lang='grc'>31</span> <span class='ocrx_word' id='word_1_14' title='bbox 680 469 825 514; x_wconf 81' lang='lat' dir='ltr'>‘intui</span> <span class='ocrx_word' id='word_1_15' title='bbox 870 472 918 514; x_wconf 68' lang='lat' dir='ltr'>ei:</span> <span class='ocrx_word' id='word_1_16' title='bbox 963 469 1160 514; x_wconf 76' lang='lat' dir='ltr'>contui</span> <span class='ocrx_word' id='word_1_17' title='bbox 1206 484 1290 526; x_wconf 89' lang='lat' dir='ltr'>pro</span> <span class='ocrx_word' id='word_1_18' title='bbox 1328 468 1502 513; x_wconf 65' lang='lat' dir='ltr'>inbueri</span> <span class='ocrx_word' id='word_1_19' title='bbox 1542 504 1587 513; x_wconf 90' lang='lat'>..</span> <span class='ocrx_word' id='word_1_20' title='bbox 1662 468 1797 512; x_wconf 90' lang='lat' dir='ltr'>Pom-</span> 
     </span>
     <span class='ocr_line' id='line_1_5' title="bbox 117 506 1796 586; baseline -0.001 -14"><span class='ocrx_word' id='word_1_21' title='bbox 117 528 286 586; x_wconf 87' lang='lat' dir='ltr'>ponius</span> <span class='ocrx_word' id='word_1_22' title='bbox 324 506 578 572; x_wconf 67' lang='lat' dir='ltr'>Macchi’s</span> <span class='ocrx_word' id='word_1_23' title='bbox 616 529 835 586; x_wconf 87' lang='lat' dir='ltr'>geminis:</span> <span class='ocrx_word' id='word_1_24' title='bbox 874 528 1083 585; x_wconf 90' lang='lat' dir='ltr'>incoepi’</span> <span class='ocrx_word' id='word_1_25' title='bbox 1118 542 1157 573; x_wconf 90' lang='grc'><strong>8.</strong></span> <span class='ocrx_word' id='word_1_26' title='bbox 1183 543 1226 585; x_wconf 92' lang='lat' dir='ltr'>q.</span> <span class='ocrx_word' id='word_1_27' title='bbox 1253 543 1286 574; x_wconf 93' lang='lat' dir='ltr'>s.</span> <span class='ocrx_word' id='word_1_28' title='bbox 1350 527 1584 586; x_wconf 86' lang='lat' dir='ltr'>(Machis</span> <span class='ocrx_word' id='word_1_29' title='bbox 1614 527 1796 583; x_wconf 86' lang='lat' dir='ltr'>Bamb.)</span> 
     </span>
     <span class='ocr_line' id='line_1_6' title="bbox 121 587 814 644; baseline -0.001 -12"><span class='ocrx_word' id='word_1_30' title='bbox 121 587 243 632; x_wconf 85' lang='lat' dir='ltr'><strong>Vide</strong></span> <span class='ocrx_word' id='word_1_31' title='bbox 273 589 515 644; x_wconf 74' lang='lat' dir='ltr'>praeterea</span> <span class='ocrx_word' id='word_1_32' title='bbox 546 587 635 633; x_wconf 90' lang='lat' dir='ltr'>inc</span> <span class='ocrx_word' id='word_1_33' title='bbox 660 588 814 632; x_wconf 82' lang='lat' dir='ltr'>fab.1.</span> 
     </span>
    </p>
   </div>
   <div class='ocr_carea' id='block_1_4' title="bbox 234 675 1386 733">
    <p class='ocr_par' dir='ltr' id='par_1_4' title="bbox 234 675 1386 733">
     <span class='ocr_line' id='line_1_7' title="bbox 234 675 1386 733; baseline 0.001 -14"><span class='ocrx_word' id='word_1_34' title='bbox 234 675 388 733; x_wconf 91' lang='lat' dir='ltr'>incepi</span> <span class='ocrx_word' id='word_1_35' title='bbox 418 677 599 721; x_wconf 76' lang='lat' dir='ltr'>Aldina</span> <span class='ocrx_word' id='word_1_36' title='bbox 636 675 821 733; x_wconf 86' lang='lat' dir='ltr'>incoepi</span> <span class='ocrx_word' id='word_1_37' title='bbox 852 694 887 720; x_wconf 91' lang='grc' dir='ltr'><em>ω</em></span> <span class='ocrx_word' id='word_1_38' title='bbox 1008 675 1168 720; x_wconf 74' lang='lat' dir='ltr'>contui</span> <span class='ocrx_word' id='word_1_39' title='bbox 1198 691 1281 721; x_wconf 87' lang='lat' dir='ltr'>om.</span> <span class='ocrx_word' id='word_1_40' title='bbox 1306 675 1386 720; x_wconf 84' lang='lat' dir='ltr'>W¹</span> 
     </span>
    </p>
   </div>
   <div class='ocr_carea' id='block_1_5' title="bbox 539 795 1376 878">
    <p class='ocr_par' dir='ltr' id='par_1_5' title="bbox 539 795 1376 878">
     <span class='ocr_line' id='line_1_8' title="bbox 539 795 1376 878; baseline 0.001 -1"><span class='ocrx_word' id='word_1_41' title='bbox 539 795 744 878; x_wconf 72' lang='lat' dir='ltr'>MAccl</span> <span class='ocrx_word' id='word_1_42' title='bbox 782 829 1024 878; x_wconf 74' lang='lat' dir='ltr'>GEMmI</span> <span class='ocrx_word' id='word_1_43' title='bbox 1060 830 1376 878; x_wconf 76' lang='lat' dir='ltr'>PRIOREs‘?</span> 
     </span>
    </p>
   </div>
   <div class='ocr_carea' id='block_1_6' title="bbox 115 925 1795 1041">
    <p class='ocr_par' dir='ltr' id='par_1_6' title="bbox 115 925 1795 1041">
     <span class='ocr_line' id='line_1_9' title="bbox 234 925 1795 982; baseline 0 -13"><span class='ocrx_word' id='word_1_44' title='bbox 234 926 340 970; x_wconf 90' lang='lat' dir='ltr'>Non</span> <span class='ocrx_word' id='word_1_45' title='bbox 384 925 617 969; x_wconf 76' lang='lat' dir='ltr'>diversam</span> <span class='ocrx_word' id='word_1_46' title='bbox 654 925 798 969; x_wconf 85' lang='lat' dir='ltr'>fuisse</span> <span class='ocrx_word' id='word_1_47' title='bbox 837 940 865 969; x_wconf 85' lang='lat' dir='ltr'>a</span> <span class='ocrx_word' id='word_1_48' title='bbox 903 926 1066 970; x_wconf 80' lang='lat' dir='ltr'>fabula</span> <span class='ocrx_word' id='word_1_49' title='bbox 1113 925 1348 982; x_wconf 81' lang='lat' dir='ltr'>superiore</span> <span class='ocrx_word' id='word_1_50' title='bbox 1395 925 1494 982; x_wconf 90' lang='lat' dir='ltr'>ipse</span> <span class='ocrx_word' id='word_1_51' title='bbox 1542 925 1795 970; x_wconf 83' lang='lat' dir='ltr'>versiculus</span> 
     </span>
     <span class='ocr_line' id='line_1_10' title="bbox 115 983 1465 1041; baseline 0.001 -14"><span class='ocrx_word' id='word_1_52' title='bbox 115 984 272 1029; x_wconf 63' lang='lat' dir='ltr'>reddita</span> <span class='ocrx_word' id='word_1_53' title='bbox 301 983 560 1041; x_wconf 86' lang='lat' dir='ltr'>probabile.</span> <span class='ocrx_word' id='word_1_54' title='bbox 623 983 689 1029; x_wconf 83' lang='lat' dir='ltr'>Of.</span> <span class='ocrx_word' id='word_1_55' title='bbox 721 983 1006 1028; x_wconf 73' lang='lat' dir='ltr'>Ritschelius</span> <span class='ocrx_word' id='word_1_56' title='bbox 1036 985 1221 1041; x_wconf 86' lang='lat' dir='ltr'>Parerg.</span> <span class='ocrx_word' id='word_1_57' title='bbox 1254 985 1275 1028; x_wconf 96' lang='lat' dir='ltr'>I</span> <span class='ocrx_word' id='word_1_58' title='bbox 1308 989 1406 1028; x_wconf 89' lang='lat'><strong>135.</strong></span> <span class='ocrx_word' id='word_1_59' title='bbox 1459 997 1465 1004; x_wconf 89' lang='lat'><strong>·</strong></span> 
     </span>
    </p>
   </div>
   <div class='ocr_carea' id='block_1_7' title="bbox 116 1088 1884 1160">
    <p class='ocr_par' dir='ltr' id='par_1_7' title="bbox 116 1088 1884 1160">
     <span class='ocr_line' id='line_1_11' title="bbox 116 1088 1884 1160; baseline 0.001 -18"><span class='ocrx_word' id='word_1_60' title='bbox 116 1089 260 1153; x_wconf 73' lang='lat' dir='ltr'>Quin</span> <span class='ocrx_word' id='word_1_61' title='bbox 282 1090 424 1143; x_wconf 88' lang='lat' dir='ltr'>bono</span> <span class='ocrx_word' id='word_1_62' title='bbox 449 1090 626 1143; x_wconf 85' lang='lat' dir='ltr'>animo</span> <span class='ocrx_word' id='word_1_63' title='bbox 645 1090 738 1142; x_wconf 79' lang='lat' dir='ltr'>es?</span> <span class='ocrx_word' id='word_1_64' title='bbox 768 1089 926 1142; x_wconf 75' lang='lat' dir='ltr'>uideo</span> <span class='ocrx_word' id='word_1_65' title='bbox 942 1090 1141 1159; x_wconf 67' lang='lat' dir='ltr'>erepsizi</span> <span class='ocrx_word' id='word_1_66' title='bbox 1163 1088 1411 1159; x_wconf 76' lang='lat' dir='ltr'>primiter</span> <span class='ocrx_word' id='word_1_67' title='bbox 1430 1090 1494 1142; x_wconf 91' lang='lat' dir='ltr'>de</span> <span class='ocrx_word' id='word_1_68' title='bbox 1516 1090 1796 1160; x_wconf 82' lang='lat' dir='ltr'>pannibuS.</span> <span class='ocrx_word' id='word_1_69' title='bbox 1831 1106 1884 1144; x_wconf 82' lang='lat'>70</span> 
     </span>
    </p>
   </div>
   <div class='ocr_carea' id='block_1_8' title="bbox 110 1189 1797 1720">
    <p class='ocr_par' dir='ltr' id='par_1_8' title="bbox 110 1189 1797 1720">
     <span class='ocr_line' id='line_1_12' title="bbox 232 1189 1795 1257; baseline 0.001 -24"><span class='ocrx_word' id='word_1_70' title='bbox 232 1189 413 1234; x_wconf 90' lang='lat' dir='ltr'>Nonius</span> <span class='ocrx_word' id='word_1_71' title='bbox 448 1195 554 1246; x_wconf 89' lang='lat'>154,</span> <span class='ocrx_word' id='word_1_72' title='bbox 587 1195 643 1233; x_wconf 82' lang='lat'>25</span> <span class='ocrx_word' id='word_1_73' title='bbox 686 1189 973 1257; x_wconf 75' lang='lat' dir='ltr'>‘primiter</span> <span class='ocrx_word' id='word_1_74' title='bbox 1017 1205 1101 1247; x_wconf 86' lang='lat' dir='ltr'>pro</span> <span class='ocrx_word' id='word_1_75' title='bbox 1146 1190 1316 1247; x_wconf 89' lang='lat' dir='ltr'>prime,</span> <span class='ocrx_word' id='word_1_76' title='bbox 1365 1193 1413 1235; x_wconf 75' lang='lat' dir='ltr'>et</span> <span class='ocrx_word' id='word_1_77' title='bbox 1456 1190 1670 1248; x_wconf 73' lang='lat' dir='ltr'>primitus</span> <span class='ocrx_word' id='word_1_78' title='bbox 1711 1205 1795 1248; x_wconf 89' lang='lat' dir='ltr'>pro</span> 
     </span>
     <span class='ocr_line' id='line_1_13' title="bbox 113 1226 1794 1316; baseline 0.001 -24"><span class='ocrx_word' id='word_1_79' title='bbox 113 1249 279 1306; x_wconf 88' lang='lat' dir='ltr'>primo.</span> <span class='ocrx_word' id='word_1_80' title='bbox 363 1226 646 1306; x_wconf 87' lang='lat' dir='ltr'>Pomponius</span> <span class='ocrx_word' id='word_1_81' title='bbox 702 1249 894 1293; x_wconf 83' lang='lat' dir='ltr'>accius</span> <span class='ocrx_word' id='word_1_82' title='bbox 949 1249 1169 1316; x_wconf 75' lang='lat' dir='ltr'>geminis.</span> <span class='ocrx_word' id='word_1_83' title='bbox 1229 1249 1342 1305; x_wconf 89' lang='lat' dir='ltr'>quin</span> <span class='ocrx_word' id='word_1_84' title='bbox 1394 1250 1542 1294; x_wconf 92' lang='lat' dir='ltr'>bono&#39;</span> <span class='ocrx_word' id='word_1_85' title='bbox 1597 1264 1635 1294; x_wconf 89' lang='lat' dir='ltr'>e.</span> <span class='ocrx_word' id='word_1_86' title='bbox 1676 1265 1718 1306; x_wconf 90' lang='lat' dir='ltr'>q.</span> <span class='ocrx_word' id='word_1_87' title='bbox 1761 1265 1794 1294; x_wconf 90' lang='grc'><strong>8.</strong></span> 
     </span>
     <span class='ocr_line' id='line_1_14' title="bbox 113 1307 1795 1372; baseline 0.001 -21"><span class='ocrx_word' id='word_1_88' title='bbox 113 1309 245 1352; x_wconf 86' lang='lat' dir='ltr'>Idem</span> <span class='ocrx_word' id='word_1_89' title='bbox 275 1313 384 1363; x_wconf 87' lang='lat'>488,</span> <span class='ocrx_word' id='word_1_90' title='bbox 418 1313 474 1352; x_wconf 89' lang='lat'>30</span> <span class='ocrx_word' id='word_1_91' title='bbox 509 1307 812 1365; x_wconf 82' lang='lat' dir='ltr'>‘pannibus</span> <span class='ocrx_word' id='word_1_92' title='bbox 849 1323 934 1372; x_wconf 88' lang='lat' dir='ltr'>pro</span> <span class='ocrx_word' id='word_1_93' title='bbox 972 1308 1154 1366; x_wconf 85' lang='lat' dir='ltr'>pannis.</span> <span class='ocrx_word' id='word_1_94' title='bbox 1223 1308 1506 1366; x_wconf 87' lang='lat' dir='ltr'>Pomponius</span> <span class='ocrx_word' id='word_1_95' title='bbox 1545 1309 1795 1353; x_wconf 83' lang='lat' dir='ltr'>Macchis</span> 
     </span>
     <span class='ocr_line' id='line_1_15' title="bbox 110 1344 1797 1424; baseline 0.001 -14"><span class='ocrx_word' id='word_1_96' title='bbox 110 1366 335 1424; x_wconf 86' lang='lat' dir='ltr'>geminis:</span> <span class='ocrx_word' id='word_1_97' title='bbox 373 1344 517 1411; x_wconf 62' lang='lat' dir='ltr'>’bono’</span> <span class='ocrx_word' id='word_1_98' title='bbox 560 1382 598 1412; x_wconf 90' lang='lat' dir='ltr'>e.</span> <span class='ocrx_word' id='word_1_99' title='bbox 631 1382 675 1423; x_wconf 91' lang='lat' dir='ltr'>q.</span> <span class='ocrx_word' id='word_1_100' title='bbox 709 1382 742 1411; x_wconf 89' lang='lat' dir='ltr'>s.</span> <span class='ocrx_word' id='word_1_101' title='bbox 783 1355 1149 1424; x_wconf 90' lang='lat' dir='ltr'>(Pomponius</span> <span class='ocrx_word' id='word_1_102' title='bbox 1189 1382 1276 1412; x_wconf 93' lang='lat' dir='ltr'>om.</span> <span class='ocrx_word' id='word_1_103' title='bbox 1303 1368 1339 1411; x_wconf 93' lang='lat' dir='ltr'>P</span> <span class='ocrx_word' id='word_1_104' title='bbox 1377 1368 1591 1412; x_wconf 85' lang='lat' dir='ltr'>machis</span> <span class='ocrx_word' id='word_1_105' title='bbox 1631 1368 1797 1412; x_wconf 88' lang='lat' dir='ltr'>BaHP</span> 
     </span>
     <span class='ocr_line' id='line_1_16' title="bbox 112 1425 1795 1494; baseline 0.001 -25"><span class='ocrx_word' id='word_1_106' title='bbox 112 1425 364 1470; x_wconf 84' lang='lat' dir='ltr'>maechis</span> <span class='ocrx_word' id='word_1_107' title='bbox 403 1426 526 1483; x_wconf 85' lang='lat' dir='ltr'>LW)</span> <span class='ocrx_word' id='word_1_108' title='bbox 592 1426 722 1470; x_wconf 88' lang='lat' dir='ltr'>Idem</span> <span class='ocrx_word' id='word_1_109' title='bbox 760 1431 868 1484; x_wconf 88' lang='grc'>506,</span> <span class='ocrx_word' id='word_1_110' title='bbox 901 1432 959 1471; x_wconf 82' lang='lat'>24</span> <span class='ocrx_word' id='word_1_111' title='bbox 1009 1428 1081 1471; x_wconf 84' lang='lat' dir='ltr'>‘es</span> <span class='ocrx_word' id='word_1_112' title='bbox 1126 1441 1210 1483; x_wconf 88' lang='lat' dir='ltr'>pro</span> <span class='ocrx_word' id='word_1_113' title='bbox 1251 1429 1350 1471; x_wconf 71' lang='lat' dir='ltr'>esto</span> <span class='ocrx_word' id='word_1_114' title='bbox 1392 1464 1400 1471; x_wconf 95' lang='lat'>.</span> <span class='ocrx_word' id='word_1_115' title='bbox 1466 1426 1795 1494; x_wconf 83' lang='lat' dir='ltr'>Pomponius</span> 
     </span>
     <span class='ocr_line' id='line_1_17' title="bbox 116 1464 1794 1552; baseline 0.001 -24"><span class='ocrx_word' id='word_1_116' title='bbox 116 1485 299 1542; x_wconf 84' lang='lat' dir='ltr'>Magis</span> <span class='ocrx_word' id='word_1_117' title='bbox 330 1484 553 1541; x_wconf 78' lang='lat' dir='ltr'>geminis:</span> <span class='ocrx_word' id='word_1_118' title='bbox 583 1486 726 1529; x_wconf 92' lang='lat' dir='ltr'>bono&#39;</span> <span class='ocrx_word' id='word_1_119' title='bbox 753 1499 791 1530; x_wconf 92' lang='grc'><strong>8.</strong></span> <span class='ocrx_word' id='word_1_120' title='bbox 810 1501 853 1541; x_wconf 87' lang='lat' dir='ltr'>q.</span> <span class='ocrx_word' id='word_1_121' title='bbox 872 1501 908 1530; x_wconf 97' lang='grc'>8.</span> <span class='ocrx_word' id='word_1_122' title='bbox 963 1485 1199 1530; x_wconf 81' lang='lat' dir='ltr'>Charisius</span> <span class='ocrx_word' id='word_1_123' title='bbox 1230 1501 1274 1542; x_wconf 92' lang='lat' dir='ltr'>p.</span> <span class='ocrx_word' id='word_1_124' title='bbox 1295 1490 1378 1530; x_wconf 88' lang='grc'>188</span> <span class='ocrx_word' id='word_1_125' title='bbox 1409 1464 1475 1532; x_wconf 87' lang='lat' dir='ltr'>P.</span> <span class='ocrx_word' id='word_1_126' title='bbox 1495 1485 1794 1552; x_wconf 75' lang='grc' dir='ltr'>“Ῥι·ιιιιι1’,8ι·.</span> 
     </span>
     <span class='ocr_line' id='line_1_18' title="bbox 113 1543 1794 1611; baseline 0.001 -24"><span class='ocrx_word' id='word_1_127' title='bbox 113 1543 398 1611; x_wconf 81' lang='lat' dir='ltr'>Pomponius</span> <span class='ocrx_word' id='word_1_128' title='bbox 430 1543 482 1588; x_wconf 90' lang='lat' dir='ltr'>in</span> <span class='ocrx_word' id='word_1_129' title='bbox 510 1544 721 1588; x_wconf 83' lang='lat' dir='ltr'>Maccis</span> <span class='ocrx_word' id='word_1_130' title='bbox 756 1544 999 1602; x_wconf 89' lang='lat' dir='ltr'>geminis</span> <span class='ocrx_word' id='word_1_131' title='bbox 1038 1544 1352 1602; x_wconf 90' lang='lat' dir='ltr'>prioribus.</span> <span class='ocrx_word' id='word_1_132' title='bbox 1388 1544 1511 1589; x_wconf 89' lang='lat' dir='ltr'>bono</span> <span class='ocrx_word' id='word_1_133' title='bbox 1545 1544 1699 1589; x_wconf 81' lang='lat' dir='ltr'>animo</span> <span class='ocrx_word' id='word_1_134' title='bbox 1732 1559 1794 1601; x_wconf 87' lang='lat' dir='ltr'>es,</span> 
     </span>
     <span class='ocr_line' id='line_1_19' title="bbox 112 1602 1795 1670; baseline 0.001 -24"><span class='ocrx_word' id='word_1_135' title='bbox 112 1603 254 1660; x_wconf 85' lang='lat' dir='ltr'>eripis</span> <span class='ocrx_word' id='word_1_136' title='bbox 299 1602 543 1660; x_wconf 57' lang='lat' dir='ltr'>primiter?</span> <span class='ocrx_word' id='word_1_137' title='bbox 608 1603 922 1670; x_wconf 86' lang='lat' dir='ltr'>(prioribus</span> <span class='ocrx_word' id='word_1_138' title='bbox 962 1618 986 1648; x_wconf 91' lang='lat' dir='ltr'>e</span> <span class='ocrx_word' id='word_1_139' title='bbox 1024 1603 1308 1670; x_wconf 81' lang='lat' dir='ltr'>pannibus</span> <span class='ocrx_word' id='word_1_140' title='bbox 1354 1606 1506 1648; x_wconf 73' lang='lat' dir='ltr'>ortum</span> <span class='ocrx_word' id='word_1_141' title='bbox 1552 1606 1600 1648; x_wconf 75' lang='lat' dir='ltr'>et</span> <span class='ocrx_word' id='word_1_142' title='bbox 1645 1606 1795 1648; x_wconf 73' lang='lat' dir='ltr'>trans-</span> 
     </span>
     <span class='ocr_line' id='line_1_20' title="bbox 115 1662 1386 1720; baseline 0 -14"><span class='ocrx_word' id='word_1_143' title='bbox 115 1662 322 1719; x_wconf 73' lang='lat' dir='ltr'>positum</span> <span class='ocrx_word' id='word_1_144' title='bbox 354 1676 454 1707; x_wconf 85' lang='lat' dir='ltr'>esse</span> <span class='ocrx_word' id='word_1_145' title='bbox 485 1662 732 1720; x_wconf 80' lang='lat' dir='ltr'>ingeniosa</span> <span class='ocrx_word' id='word_1_146' title='bbox 761 1663 1034 1707; x_wconf 88' lang='lat' dir='ltr'>Buecheleri</span> <span class='ocrx_word' id='word_1_147' title='bbox 1066 1662 1267 1720; x_wconf 87' lang='lat' dir='ltr'>suspicio</span> <span class='ocrx_word' id='word_1_148' title='bbox 1299 1665 1386 1720; x_wconf 74' lang='lat' dir='ltr'>est)</span> 
     </span>
    </p>
   </div>
   <div class='ocr_carea' id='block_1_9' title="bbox 111 1750 1800 2164">
    <p class='ocr_par' dir='ltr' id='par_1_9' title="bbox 112 1750 1800 1856">
     <span class='ocr_line' id='line_1_21' title="bbox 231 1750 1800 1808; baseline 0.001 -14"><span class='ocrx_word' id='word_1_149' title='bbox 231 1750 345 1806; x_wconf 90' lang='lat' dir='ltr'>quin</span> <span class='ocrx_word' id='word_1_150' title='bbox 382 1765 466 1795; x_wconf 86' lang='lat' dir='ltr'>om.</span> <span class='ocrx_word' id='word_1_151' title='bbox 499 1751 684 1796; x_wconf 78' lang='lat' dir='ltr'>Nouius</span> <span class='ocrx_word' id='word_1_152' title='bbox 714 1766 763 1808; x_wconf 93' lang='grc' dir='ltr'>Ρ.</span> <span class='ocrx_word' id='word_1_153' title='bbox 789 1755 890 1796; x_wconf 91' lang='grc'>488.</span> <span class='ocrx_word' id='word_1_154' title='bbox 928 1757 1035 1808; x_wconf 88' lang='grc'>506,</span> <span class='ocrx_word' id='word_1_155' title='bbox 1080 1752 1321 1797; x_wconf 77' lang='lat' dir='ltr'>Charisius</span> <span class='ocrx_word' id='word_1_156' title='bbox 1469 1751 1721 1796; x_wconf 80' lang='lat' dir='ltr'>bonanimo</span> <span class='ocrx_word' id='word_1_157' title='bbox 1754 1752 1800 1795; x_wconf 91' lang='lat' dir='ltr'>P</span> 
     </span>
     <span class='ocr_line' id='line_1_22' title="bbox 112 1809 1795 1868; baseline 0.001 -15"><span class='ocrx_word' id='word_1_158' title='bbox 112 1810 238 1854; x_wconf 84' lang='lat' dir='ltr'>bona</span> <span class='ocrx_word' id='word_1_159' title='bbox 272 1809 427 1853; x_wconf 87' lang='lat' dir='ltr'>animo</span> <span class='ocrx_word' id='word_1_160' title='bbox 459 1810 538 1854; x_wconf 91' lang='lat' dir='ltr'>Ba</span> <span class='ocrx_word' id='word_1_161' title='bbox 672 1812 744 1854; x_wconf 72' lang='lat' dir='ltr'>est</span> <span class='ocrx_word' id='word_1_162' title='bbox 774 1811 960 1868; x_wconf 72' lang='grc' dir='ltr'><em>Νοη.Ρ</em></span> <span class='ocrx_word' id='word_1_163' title='bbox 965 1816 1081 1855; x_wconf 89' lang='grc'>,154</span> <span class='ocrx_word' id='word_1_164' title='bbox 1111 1828 1146 1854; x_wconf 88' lang='grc' dir='ltr'><em>ω</em></span> <span class='ocrx_word' id='word_1_165' title='bbox 1281 1810 1420 1855; x_wconf 84' lang='lat' dir='ltr'>uideo</span> <span class='ocrx_word' id='word_1_166' title='bbox 1452 1825 1534 1855; x_wconf 85' lang='lat' dir='ltr'>om.</span> <span class='ocrx_word' id='word_1_167' title='bbox 1554 1810 1795 1855; x_wconf 76' lang='lat' dir='ltr'>Charisius</span> 
     </span>
    </p>

    <p class='ocr_par' dir='ltr' id='par_1_10' title="bbox 111 1868 1795 2164">
     <span class='ocr_line' id='line_1_23' title="bbox 203 1868 1794 1927; baseline 0.001 -16"><span class='ocrx_word' id='word_1_168' title='bbox 203 1882 311 1925; x_wconf 88' lang='lat' dir='ltr'>erep</span> <span class='ocrx_word' id='word_1_169' title='bbox 314 1868 376 1912; x_wconf 74' lang='lat' dir='ltr'>sti</span> <span class='ocrx_word' id='word_1_170' title='bbox 400 1869 502 1912; x_wconf 81' lang='lat' dir='ltr'>Buc</span> <span class='ocrx_word' id='word_1_171' title='bbox 527 1869 634 1913; x_wconf 82' lang='lat' dir='ltr'>decl.</span> <span class='ocrx_word' id='word_1_172' title='bbox 661 1870 739 1914; x_wconf 79' lang='lat' dir='ltr'>lat.</span> <span class='ocrx_word' id='word_1_173' title='bbox 765 1875 820 1914; x_wconf 89' lang='lat'>66</span> <span class='ocrx_word' id='word_1_174' title='bbox 854 1869 995 1927; x_wconf 88' lang='lat' dir='ltr'>eripis</span> <span class='ocrx_word' id='word_1_175' title='bbox 1023 1872 1071 1914; x_wconf 78' lang='lat' dir='ltr'>te</span> <span class='ocrx_word' id='word_1_176' title='bbox 1095 1871 1217 1914; x_wconf 77' lang='lat' dir='ltr'>Nou.</span> <span class='ocrx_word' id='word_1_177' title='bbox 1237 1884 1286 1927; x_wconf 90' lang='grc' dir='ltr'>Ρ.</span> <span class='ocrx_word' id='word_1_178' title='bbox 1304 1874 1390 1914; x_wconf 87' lang='grc'>488</span> <span class='ocrx_word' id='word_1_179' title='bbox 1416 1887 1450 1913; x_wconf 87' lang='grc' dir='ltr'><strong>ω</strong></span> <span class='ocrx_word' id='word_1_180' title='bbox 1483 1868 1622 1926; x_wconf 89' lang='lat' dir='ltr'>eripis</span> <span class='ocrx_word' id='word_1_181' title='bbox 1640 1884 1688 1925; x_wconf 87' lang='grc' dir='ltr'>Ρ.</span> <span class='ocrx_word' id='word_1_182' title='bbox 1710 1874 1794 1912; x_wconf 90' lang='grc'>154</span> 
     </span>
     <span class='ocr_line' id='line_1_24' title="bbox 112 1927 1795 1987; baseline 0.001 -16"><span class='ocrx_word' id='word_1_183' title='bbox 112 1945 164 1982; x_wconf 87' lang='grc' dir='ltr'>ω,</span> <span class='ocrx_word' id='word_1_184' title='bbox 193 1928 400 1973; x_wconf 79' lang='lat' dir='ltr'>Charisii</span> <span class='ocrx_word' id='word_1_185' title='bbox 422 1929 517 1972; x_wconf 82' lang='lat' dir='ltr'>cod.</span> <span class='ocrx_word' id='word_1_186' title='bbox 552 1927 733 1985; x_wconf 78' lang='lat' dir='ltr'>dei-epis</span> <span class='ocrx_word' id='word_1_187' title='bbox 764 1928 914 1986; x_wconf 88' lang='lat' dir='ltr'>(depis</span> <span class='ocrx_word' id='word_1_188' title='bbox 939 1929 1020 1987; x_wconf 87' lang='lat' dir='ltr'>W)</span> <span class='ocrx_word' id='word_1_189' title='bbox 1053 1930 1202 1974; x_wconf 73' lang='lat' dir='ltr'>Nonii</span> <span class='ocrx_word' id='word_1_190' title='bbox 1225 1944 1274 1985; x_wconf 92' lang='grc' dir='ltr'>Ρ.</span> <span class='ocrx_word' id='word_1_191' title='bbox 1294 1933 1378 1972; x_wconf 90' lang='grc'>506</span> <span class='ocrx_word' id='word_1_192' title='bbox 1403 1946 1438 1972; x_wconf 88' lang='grc' dir='ltr'>ω</span> <span class='ocrx_word' id='word_1_193' title='bbox 1471 1927 1660 1985; x_wconf 67' lang='lat' dir='ltr'>erepisfii</span> <span class='ocrx_word' id='word_1_194' title='bbox 1689 1929 1795 1974; x_wconf 87' lang='lat' dir='ltr'>Vos-</span> 
     </span>
     <span class='ocr_line' id='line_1_25' title="bbox 111 1986 1795 2054; baseline 0 -23"><span class='ocrx_word' id='word_1_195' title='bbox 111 1989 210 2032; x_wconf 89' lang='lat' dir='ltr'>sius</span> <span class='ocrx_word' id='word_1_196' title='bbox 249 1986 462 2044; x_wconf 66' lang='lat' dir='ltr'>eripuisizi</span> <span class='ocrx_word' id='word_1_197' title='bbox 493 1988 667 2032; x_wconf 85' lang='lat' dir='ltr'>anius</span> <span class='ocrx_word' id='word_1_198' title='bbox 707 1988 780 2032; x_wconf 79' lang='lat' dir='ltr'>‘ex</span> <span class='ocrx_word' id='word_1_199' title='bbox 820 1994 989 2033; x_wconf 80' lang='lat' dir='ltr'>vetusto</span> <span class='ocrx_word' id='word_1_200' title='bbox 1028 1988 1200 2033; x_wconf 82' lang='lat' dir='ltr'>codice’</span> <span class='ocrx_word' id='word_1_201' title='bbox 1243 1987 1458 2044; x_wconf 74' lang='lat' dir='ltr'>erepsisti</span> <span class='ocrx_word' id='word_1_202' title='bbox 1494 1989 1588 2043; x_wconf 77' lang='lat' dir='ltr'>fuit</span> <span class='ocrx_word' id='word_1_203' title='bbox 1625 1989 1706 2054; x_wconf 77' lang='lat' dir='ltr'>qui</span> <span class='ocrx_word' id='word_1_204' title='bbox 1743 1989 1795 2031; x_wconf 76' lang='lat' dir='ltr'>in</span> 
     </span>
     <span class='ocr_line' id='line_1_26' title="bbox 114 2045 1793 2105; baseline 0 -15"><span class='ocrx_word' id='word_1_205' title='bbox 114 2047 308 2091; x_wconf 86' lang='lat' dir='ltr'>iambico</span> <span class='ocrx_word' id='word_1_206' title='bbox 339 2052 482 2091; x_wconf 77' lang='lat' dir='ltr'>octon.</span> <span class='ocrx_word' id='word_1_207' title='bbox 508 2047 710 2102; x_wconf 76' lang='lat' dir='ltr'>positwm</span> <span class='ocrx_word' id='word_1_208' title='bbox 738 2053 938 2093; x_wconf 76' lang='lat' dir='ltr'>tueretur</span> <span class='ocrx_word' id='word_1_209' title='bbox 1030 2046 1213 2104; x_wconf 72' lang='lat' dir='ltr'>primib</span> <span class='ocrx_word' id='word_1_210' title='bbox 1239 2047 1318 2091; x_wconf 88' lang='lat' dir='ltr'>Ba</span> <span class='ocrx_word' id='word_1_211' title='bbox 1342 2062 1390 2105; x_wconf 90' lang='grc' dir='ltr'>Ρ.</span> <span class='ocrx_word' id='word_1_212' title='bbox 1416 2051 1503 2091; x_wconf 87' lang='grc'><strong>488</strong></span> <span class='ocrx_word' id='word_1_213' title='bbox 1592 2045 1793 2103; x_wconf 79' lang='lat' dir='ltr'>panibus</span> 
     </span>
     <span class='ocr_line' id='line_1_27' title="bbox 119 2105 1222 2164; baseline 0.001 -15"><span class='ocrx_word' id='word_1_214' title='bbox 119 2105 346 2149; x_wconf 71' lang='lat' dir='ltr'><em>F¹H²L²</em></span> <span class='ocrx_word' id='word_1_215' title='bbox 362 2106 427 2150; x_wconf 91' lang='lat' dir='ltr'><em>W</em></span> <span class='ocrx_word' id='word_1_216' title='bbox 444 2120 492 2162; x_wconf 92' lang='grc' dir='ltr'>Ρ.</span> <span class='ocrx_word' id='word_1_217' title='bbox 513 2109 599 2149; x_wconf 92' lang='grc'>154</span> <span class='ocrx_word' id='word_1_218' title='bbox 658 2106 886 2151; x_wconf 71' lang='lat' dir='ltr'>Personas</span> <span class='ocrx_word' id='word_1_219' title='bbox 917 2108 1160 2164; x_wconf 75' lang='lat' dir='ltr'>distinquit</span> <span class='ocrx_word' id='word_1_220' title='bbox 1189 2120 1222 2150; x_wconf 80' lang='lat' dir='ltr'><strong><em>x</em></strong></span> 
     </span>
    </p>
   </div>
   <div class='ocr_carea' id='block_1_10' title="bbox 702 2259 1202 2310">
    <p class='ocr_par' dir='ltr' id='par_1_11' title="bbox 702 2259 1202 2310">
     <span class='ocr_line' id='line_1_28' title="bbox 702 2259 1202 2310; baseline 0 -3"><span class='ocrx_word' id='word_1_221' title='bbox 702 2260 963 2310; x_wconf 80' lang='lat' dir='ltr'><strong>MAOOVS</strong></span> <span class='ocrx_word' id='word_1_222' title='bbox 1002 2259 1202 2307; x_wconf 78' lang='lat' dir='ltr'>MILES</span> 
     </span>
    </p>
   </div>
   <div class='ocr_carea' id='block_1_11' title="bbox 110 2364 1461 2574">
    <p class='ocr_par' dir='ltr' id='par_1_12' title="bbox 110 2364 1461 2574">
     <span class='ocr_line' id='line_1_29' title="bbox 944 2364 970 2410; baseline 0 0"><span class='ocrx_word' id='word_1_223' title='bbox 944 2364 970 2410; x_wconf 94' lang='lat' dir='ltr'>I</span> 
     </span>
     <span class='ocr_line' id='line_1_30' title="bbox 1099 2431 1461 2484; baseline 0 -1"><span class='ocrx_word' id='word_1_224' title='bbox 1099 2450 1223 2483; x_wconf 88' lang='lat' dir='ltr'>nam</span> <span class='ocrx_word' id='word_1_225' title='bbox 1262 2431 1461 2484; x_wconf 53' lang='lat' dir='ltr'>cibaria</span> 
     </span>
     <span class='ocr_line' id='line_1_31' title="bbox 110 2520 1251 2574; baseline 0 -2"><span class='ocrx_word' id='word_1_226' title='bbox 110 2520 299 2573; x_wconf 75' lang='lat' dir='ltr'>Vicem</span> <span class='ocrx_word' id='word_1_227' title='bbox 339 2521 565 2574; x_wconf 91' lang='lat' dir='ltr'>duorum</span> <span class='ocrx_word' id='word_1_228' title='bbox 603 2522 689 2573; x_wconf 74' lang='lat' dir='ltr'>me</span> <span class='ocrx_word' id='word_1_229' title='bbox 728 2538 960 2573; x_wconf 84' lang='lat' dir='ltr'>comesse</span> <span class='ocrx_word' id='word_1_230' title='bbox 1000 2520 1251 2572; x_wconf 75' lang='lat' dir='ltr'>condecet</span> 
     </span>
    </p>
   </div>
   <div class='ocr_carea' id='block_1_12' title="bbox 115 2608 1791 2809">
    <p class='ocr_par' dir='ltr' id='par_1_13' title="bbox 115 2608 1791 2809">
     <span class='ocr_line' id='line_1_32' title="bbox 115 2608 317 2662; baseline -0.005 0"><span class='ocrx_word' id='word_1_231' title='bbox 115 2608 317 2662; x_wconf 76' lang='lat' dir='ltr'>Solum.</span> 
     </span>
     <span class='ocr_line' id='line_1_33' title="bbox 232 2693 1791 2774; baseline 0.001 -36"><span class='ocrx_word' id='word_1_232' title='bbox 232 2694 467 2774; x_wconf 59' lang='lat' dir='ltr'>Charisius</span> <span class='ocrx_word' id='word_1_233' title='bbox 497 2710 543 2752; x_wconf 92' lang='lat' dir='ltr'>p.</span> <span class='ocrx_word' id='word_1_234' title='bbox 564 2700 645 2739; x_wconf 94' lang='grc'>101</span> <span class='ocrx_word' id='word_1_235' title='bbox 671 2695 720 2740; x_wconf 92' lang='lat' dir='ltr'>P.</span> <span class='ocrx_word' id='word_1_236' title='bbox 750 2695 1002 2739; x_wconf 80' lang='lat' dir='ltr'>‘duorum</span> <span class='ocrx_word' id='word_1_237' title='bbox 1031 2693 1313 2750; x_wconf 88' lang='lat' dir='ltr'>Pomponius</span> <span class='ocrx_word' id='word_1_238' title='bbox 1346 2693 1395 2737; x_wconf 88' lang='lat' dir='ltr'>in</span> <span class='ocrx_word' id='word_1_239' title='bbox 1426 2695 1587 2738; x_wconf 82' lang='lat' dir='ltr'>Macco</span> <span class='ocrx_word' id='word_1_240' title='bbox 1619 2693 1791 2739; x_wconf 78' lang='lat' dir='ltr'>milite:</span> 
     </span>
     <span class='ocr_line' id='line_1_34' title="bbox 118 2767 441 2809; baseline 0.006 -13"><span class='ocrx_word' id='word_1_241' title='bbox 118 2767 229 2796; x_wconf 83' lang='lat' dir='ltr'>nam</span> <span class='ocrx_word' id='word_1_242' title='bbox 273 2767 311 2798; x_wconf 90' lang='lat' dir='ltr'>e.</span> <span class='ocrx_word' id='word_1_243' title='bbox 337 2769 381 2809; x_wconf 92' lang='lat' dir='ltr'>q.</span> <span class='ocrx_word' id='word_1_244' title='bbox 407 2769 441 2798; x_wconf 90' lang='lat' dir='ltr'>s.</span> 
     </span>
    </p>
   </div>
   <div class='ocr_carea' id='block_1_13' title="bbox 113 2826 1791 3003">
    <p class='ocr_par' dir='ltr' id='par_1_14' title="bbox 113 2826 1791 3003">
     <span class='ocr_line' id='line_1_35' title="bbox 235 2826 1791 2884; baseline 0.001 -15"><span class='ocrx_word' id='word_1_245' title='bbox 235 2831 258 2869; x_wconf 89' lang='lat'>1</span> <span class='ocrx_word' id='word_1_246' title='bbox 292 2841 403 2870; x_wconf 80' lang='lat' dir='ltr'>nam</span> <span class='ocrx_word' id='word_1_247' title='bbox 435 2826 475 2871; x_wconf 90' lang='lat' dir='ltr'>si</span> <span class='ocrx_word' id='word_1_248' title='bbox 506 2827 684 2872; x_wconf 81' lang='lat' dir='ltr'>cibaria</span> <span class='ocrx_word' id='word_1_249' title='bbox 715 2829 780 2872; x_wconf 84' lang='lat' dir='ltr'>ed.</span> <span class='ocrx_word' id='word_1_250' title='bbox 808 2842 882 2884; x_wconf 78' lang='lat' dir='ltr'>pr.</span> <span class='ocrx_word' id='word_1_251' title='bbox 1026 2826 1223 2870; x_wconf 91' lang='lat' dir='ltr'>duorum</span> <span class='ocrx_word' id='word_1_252' title='bbox 1254 2826 1404 2870; x_wconf 92' lang='lat' dir='ltr'>solum</span> <span class='ocrx_word' id='word_1_253' title='bbox 1435 2840 1508 2870; x_wconf 90' lang='lat' dir='ltr'>me</span> <span class='ocrx_word' id='word_1_254' title='bbox 1540 2840 1576 2870; x_wconf 91' lang='lat' dir='ltr'>c.</span> <span class='ocrx_word' id='word_1_255' title='bbox 1611 2840 1648 2870; x_wconf 92' lang='lat' dir='ltr'>c.</span> <span class='ocrx_word' id='word_1_256' title='bbox 1681 2828 1791 2883; x_wconf 64' lang='lat' dir='ltr'>cod„</span> 
     </span>
     <span class='ocr_line' id='line_1_36' title="bbox 114 2885 1791 2944; baseline 0 -15"><span class='ocrx_word' id='word_1_257' title='bbox 114 2888 379 2942; x_wconf 76' lang='lat' dir='ltr'>transposui</span> <span class='ocrx_word' id='word_1_258' title='bbox 409 2886 580 2943; x_wconf 88' lang='lat' dir='ltr'>solum,</span> <span class='ocrx_word' id='word_1_259' title='bbox 618 2888 713 2931; x_wconf 68' lang='lat' dir='ltr'>‘nisi</span> <span class='ocrx_word' id='word_1_260' title='bbox 740 2888 955 2944; x_wconf 74' lang='lat' dir='ltr'>ylosse-ma</span> <span class='ocrx_word' id='word_1_261' title='bbox 980 2887 1136 2943; x_wconf 79' lang='lat' dir='ltr'>potius</span> <span class='ocrx_word' id='word_1_262' title='bbox 1165 2887 1517 2931; x_wconf 76' lang='lat' dir='ltr'>existimandum</span> <span class='ocrx_word' id='word_1_263' title='bbox 1547 2887 1645 2931; x_wconf 81' lang='lat' dir='ltr'>erit.</span> <span class='ocrx_word' id='word_1_264' title='bbox 1679 2885 1791 2930; x_wconf 88' lang='lat' dir='ltr'>duo-</span> 
     </span>
     <span class='ocr_line' id='line_1_37' title="bbox 113 2945 1113 3003; baseline 0.002 -16"><span class='ocrx_word' id='word_1_265' title='bbox 113 2959 216 2987; x_wconf 90' lang='lat' dir='ltr'>rum</span> <span class='ocrx_word' id='word_1_266' title='bbox 249 2945 398 2988; x_wconf 88' lang='lat' dir='ltr'>solum</span> <span class='ocrx_word' id='word_1_267' title='bbox 431 2959 506 2989; x_wconf 90' lang='lat' dir='ltr'>me</span> <span class='ocrx_word' id='word_1_268' title='bbox 538 2959 638 2990; x_wconf 89' lang='lat' dir='ltr'>esse</span> <span class='ocrx_word' id='word_1_269' title='bbox 670 2945 892 2989; x_wconf 74' lang='lat' dir='ltr'>condecet</span> <span class='ocrx_word' id='word_1_270' title='bbox 923 2946 1113 3003; x_wconf 76' lang='lat' dir='ltr'>Machly</span> 
     </span>
    </p>
   </div>
  </div>
 </body>
</html>
