2060 3140
2023 0 2055 70 318

221 122 332 175 244
868 118 918 163 L.
946 117 1250 162 AFRANIVS

232 282 236 284 v
342 259 365 297 1
406 253 477 298 uti
518 252 681 309 scripsi
725 252 779 294 ut
819 249 895 293 his
935 250 1101 294 Dresd.
1147 251 1201 292 ut
1241 247 1280 292 is
1325 266 1361 304 φ
1540 248 1690 306 captis
1733 250 1898 294 Dresd.

221 313 371 372 Luyd.
534 317 560 355 2
591 308 883 368 'protruditur
912 323 976 353 au
1005 307 1292 364 prouerritur
1321 308 1396 364 (cf.
1423 309 1497 364 64)
1526 309 1811 353 scribendum
1839 309 1901 353 sit

221 374 378 418 dubito
419 369 725 428 prouenditur
762 385 797 412 ω
843 366 1064 411 uenditur
1100 367 1306 422 Afranio
1343 380 1438 411 tnou
1475 368 1711 412 convenire
1749 368 1903 412 docuit

222 431 548 477 Lachmannus
578 430 629 473 iu
659 428 799 472 Lucr.
826 431 909 470 121

918 563 1212 613 SORORES

1050 670 1076 716 I

134 771 220 811 315
238 754 312 808 At
350 757 484 824 puer
523 755 604 806 est
642 754 813 807 uescis
849 753 1133 806 inbecillus
1171 750 1394 804 uiribus

341 854 523 899 Nonius
551 859 649 911 187,
675 860 701 898 3
737 855 1000 910 ‘uescum‚
1032 852 1265 897 minutum
1295 853 1544 896 obscurum
1574 852 1836 909 (obstusum
1859 856 1905 910 x)

221 951 231 960 .
261 951 269 959 .
299 951 308 959 .
339 913 561 958 Afranius
599 914 650 957 in
681 913 945 958 Sororibus:
987 913 1061 956 at’
1094 926 1132 956 e.
1158 927 1201 967 q.
1228 926 1263 955 s.
1324 911 1647 968 Philargyrius
1686 911 1737 955 in
1767 912 1903 969 Verg.

221 987 377 1031 georg.
407 973 472 1016 III
505 977 588 1017 175
624 974 864 1029 ‘uescas,
903 975 1089 1017 teneras
1123 973 1170 1015 et
1200 970 1358 1015 exiles.
1419 985 1531 1014 nam
1560 984 1750 1015 uescum
1781 971 1908 1029 apud

222 1032 442 1088 antiquos
482 1031 780 1089 significabat
817 1046 1045 1087 macrum,
1086 1032 1134 1074 et
1172 1029 1308 1086 quasi
1347 1030 1473 1086 quod
1512 1043 1667 1074 escam
1704 1044 1799 1075 non
1837 1044 1905 1075 re-

223 1092 413 1148 ciperet.
474 1091 695 1135 Afranius
727 1091 778 1135 in
809 1091 1075 1135 Sororibus:
1108 1092 1159 1133 at
1188 1089 1321 1146 puer’
1350 1102 1388 1133 e.
1414 1104 1457 1145 q.
1485 1104 1519 1134 s.

343 1193 404 1223 an
428 1180 755 1237 Philargyrius
836 1179 987 1223 uescis
1012 1179 1162 1223 Nouii
1180 1195 1215 1221 ω
1239 1190 1406 1221 11888118
1431 1178 1757 1236 Philarqyrius
1840 1177 1909 1222 in-

223 1238 408 1282 becillis
441 1239 790 1283 EFH1N0ni2·

1042 1331 1095 1379 II

224 1416 384 1471 Nunc
422 1427 479 1469 se
519 1416 899 1486 6bsequentem
939 1419 1099 1485 atque
1137 1415 1308 1468 hilare
1348 1416 1461 1469 dixi
1499 1415 1767 1486 praebeat.

347 1517 582 1562 Charisius
620 1532 665 1574 p.
694 1522 779 1561 180
810 1517 860 1561 P.
904 1515 1202 1560 ‘hilariter
1241 1516 1301 1560 ab
1341 1530 1417 1573 eo,
1459 1517 1586 1572 quod
1625 1519 1696 1562 est
1732 1517 1911 1574 hilaris,

223 1577 412 1621 hilare
444 1579 603 1621 autem
635 1576 694 1621 ab
727 1575 927 1633 hilarus,
960 1578 1014 1620 ut
1043 1575 1266 1620 Helenius
1297 1576 1452 1620 Acron
1481 1575 1533 1620 in
1563 1576 1754 1621 Terenti
1786 1576 1912 1621 adel-

223 1636 329 1694 phis
364 1672 374 1682 .
394 1672 403 1681 .
424 1672 433 1682 .
468 1636 550 1680 sed
581 1637 631 1681 et
660 1635 883 1680 Afranius
913 1635 965 1679 111
998 1634 1264 1681 Sororibus:
1297 1636 1438 1680 nunc’
1465 1649 1503 1680 e.
1529 1650 1574 1692 q.
1600 1650 1635 1679 8.

343 1739 392 1769 88
423 1726 519 1770 cod.
551 1726 599 1769 te
626 1724 884 1782 Fabricius,
909 1725 1147 1771 Bentleius
1170 1725 1222 1768 iu
1248 1725 1347 1770 Ter.
1365 1725 1440 1769 ad.
1458 1725 1524 1768 II
1539 1728 1581 1781 4,
1600 1729 1655 1768 23
1762 1723 1914 1768 hilare

224 1785 294 1841 (ut
319 1789 414 1829 test.
442 1784 629 1841 Acron),
660 1799 719 1830 sc.
744 1786 1060 1842 obsequentem,
1092 1784 1401 1829 Neukirchius
1430 1783 1632 1828 hilarem
1662 1785 1758 1828 cod.
1790 1782 1910 1827 hila-

223 1857 325 1887 ram
347 1844 597 1888 Beutleius.
648 1843 716 1899 Cf.
742 1844 1072 1889 Lachmauuus
1093 1844 1146 1887 iu
1169 1843 1309 1887 Lucr.
1337 1847 1420 1886 139
1535 1845 1589 1886 ut
1621 1841 1721 1885 dixi
1745 1843 1913 1888 Fabri-

224 1905 335 1959 cius,
365 1903 603 1947 Bentleius
634 1901 761 1947 edixi
785 1903 997 1961 Maehly:
1028 1904 1107 1947 sed
1135 1903 1193 1957 cf.
1218 1903 1371 1947 coroll.
1395 1901 1560 1945 LXXV
1585 1901 1724 1946 dictis
1750 1903 1854 1946 Bue

223 1962 450 2018 praebeat
489 1962 840 2006 Lindemau‘nus
884 1962 1111 2018 praebeas
1150 1962 1268 2018 cod„
1310 1961 1558 2007 Fabricius
1597 1967 1640 2007 et
1677 1961 1916 2006 Bentleius

907 2102 1108 2151 SVSPE
1115 2101 1243 2150 OTA

344 2198 451 2242 Non
474 2197 778 2254 adulescenti,
813 2198 895 2242 sed
919 2197 1234 2242 adulescentis
1268 2211 1410 2242 causa
1440 2197 1479 2255 (Ι
1499 2197 1564 2242 VI
1586 2197 1705 2255 VII),
1738 2197 1779 2241 si
1802 2196 1916 2254 quid

228 2256 380 2313 video,
413 2257 539 2315 patri
571 2260 787 2315 suspecta
818 2257 1071 2301 inducitur.

1062 2382 1087 2429 I

230 2464 313 2518 Ita
351 2469 413 2519 ut
461 2465 587 2520 huic
627 2485 716 2520 ero
757 2467 1104 2535 adulescenti,
1151 2466 1237 2518 cui
1280 2464 1512 2535 suspicio
1552 2483 1637 2518 me
1676 2465 1916 2533 tradidit,

233 2553 336 2616 Qui
376 2554 568 2608 misere
607 2559 687 2608 est
725 2556 891 2608 animi
931 2556 1208 2607 exercitus,

347 2655 527 2699 Nonius
561 2661 609 2712 6,
643 2661 669 2700 8
712 2655 1055 2700 ‘exercitum
1105 2654 1277 2699 dicitur
1314 2654 1591 2712 fatigatum,
1640 2654 1817 2698 dictum
1857 2654 1916 2698 ab

233 2714 451 2758 exercitio
486 2750 524 2760 ..
545 2751 554 2759 .
586 2715 807 2759 Afranius
841 2715 1087 2772 Suspecta:
1119 2713 1207 2758 ita’
1240 2727 1278 2759 8.
1305 2728 1348 2770 q.
1377 2728 1410 2758 8.

353 2808 376 2846 1
409 2803 500 2862 ita]
530 2804 623 2847 fida
655 2805 904 2862 aliquando
936 2805 1135 2849 volebam
1166 2804 1218 2847 iu
1245 2803 1476 2858 trochaei8‚
1509 2807 1552 2847 et
1581 2807 1694 2848 certe
1725 2802 1819 2845 fida
1849 2803 1918 2846 vel

233 2861 378 2906 simile
400 2864 511 2919 quid
533 2864 586 2906 iu
607 2865 830 2909 sententia
853 2865 1025 2908 alicubi
1048 2865 1193 2908 locum
1214 2863 1418 2907 iuvenire
1442 2862 1595 2906 debuit
1671 2862 1747 2904 ut.
1766 2863 1917 2918 (erasa

236 2919 340 2976 litt.)
366 2921 421 2963 H
446 2923 529 2964 aut
560 2922 626 2965 L·1
746 2921 948 2978 suspicio
980 2935 1052 2966 me
1084 2922 1255 2967 conieci
1288 2919 1546 2976 euspicium
1577 2937 1612 2964 ω
1654 2921 1918 2976 suspectam
