2060 3140
557 121 607 166 L.
638 119 986 166 POMPONIVS
1016 118 1420 165 BONONIENSIS
1715 121 1823 173 297

937 275 1036 322 VII

155 359 389 430 Tergum
425 360 635 412 uarium
675 401 994 413 .......
1034 359 1275 430 linguam
1311 359 1518 411 uafram

271 474 451 518 Nonius
478 480 546 532 19,
572 480 626 519 31
656 476 705 518 ‘u
716 475 896 519 afrum
927 477 1000 519 est
1022 474 1247 519 callidum
1270 477 1319 519 et
1345 474 1481 530 quasi
1503 474 1644 519 ualde
1666 475 1832 519 Afrum

154 535 203 577 eb
232 533 494 578 urbanum.’

272 623 456 679 tergum
479 621 673 679 uarium,
706 621 917 679 linguam
946 621 1129 665 uafram
1159 622 1444 666 continuavit
1464 622 1650 667 Nonius
1673 624 1834 668 mediis

155 686 209 725 ut
240 687 356 737 puto
387 683 580 737 omissis,
619 683 714 726 nisi
741 683 856 736 forte
886 683 938 725 in
967 695 1179 725 sonorum
1207 681 1506 726 similitudine
1536 682 1734 738 quadam
1765 683 1831 726 lu-

156 741 266 784 dens
302 747 439 797 poeta
475 740 685 783 uaferam
722 741 950 784 distraxit.
1013 739 1314 796 linguamque
1352 739 1535 783 uafram
1572 742 1834 798 anapaestis

154 799 381 857 Berylcius
418 799 449 844 1.
483 801 640 843 autem
670 798 854 842 uafram
881 813 915 843 a:

926 952 1051 999 VIII

152 1034 287 1107 'Age
325 1035 484 1088 modo
524 1055 536 1087 ε
576 1035 677 1088 stic
714 1035 874 1105 gairri,
941 1035 1302 1104 Particulones
1339 1036 1628 1105 producam
1665 1036 1782 1089 tibi.
1839 1051 1927 1090 140

273 1150 453 1195 Nonius
486 1155 556 1206 20,
589 1155 614 1194 5
651 1149 1064 1207 ‘particulones
1106 1151 1221 1195 dicti
1261 1154 1370 1195 sunt
1401 1152 1670 1208 coheredes,
1710 1152 1835 1208 quod

154 1211 312 1267 partes
342 1209 615 1267 patrimonii
646 1210 865 1254 sumant?

276 1327 412 1370 garro
437 1314 495 1357 H
504 1314 539 1358 ¹:
571 1329 635 1358 an
665 1320 830 1370 gerro‘?
933 1315 1019 1369 sta,
1053 1313 1135 1357 Gai
1166 1314 1423 1358 Palmerius
1521 1313 1836 1371 particulones

154 1373 334 1430 produc
366 1372 554 1417 antibus
585 1372 662 1416 uel
691 1372 947 1429 producam
976 1371 1067 1416 tibi
1092 1374 1188 1429 (sic)
1221 1373 1378 1417 Vrbin.
1405 1378 1489 1417 307
1519 1373 1838 1430 particulones

153 1432 332 1489 produc
365 1431 552 1476 antibus
585 1449 620 1488 φ
651 1431 827 1488 produc
857 1430 1174 1488 particulones
1207 1432 1395 1476 antibus
1425 1448 1458 1478 a}

158 1669 302 1734 Quot
339 1668 571 1721 laetitias
609 1669 904 1739 insperatas
943 1669 1101 1721 m6do
1134 1669 1209 1721 mi
1247 1669 1513 1739 inrepsere
1550 1670 1608 1722 1‘11
1639 1670 1839 1723 sinum!

275 1784 455 1829 Nonius
488 1788 589 1840 500,
619 1789 675 1828 26
710 1783 1098 1829 ‘accusatiuus
1130 1798 1213 1841 pro
1244 1784 1568 1830 nominatiuo.²

277 1890 393 1944 quob
422 1889 596 1933 anius
630 1888 756 1943 quod
787 1905 822 1931 ω
941 1887 1194 1944 inspiratas
1226 1889 1304 1932 Βα
1420 1888 1536 1931 mihi
1567 1906 1602 1932 ω
1723 1891 1839 1945 quot

157 1947 370 1991 laetitias
408 1946 670 2004 insperatas
708 1947 847 1991 modo
877 1946 943 1990 mi
973 1947 1194 2004 inrupere
1232 1946 1282 1990 in
1317 1946 1488 2004 sinum,
1530 1950 1690 1992 omisso
1720 1949 1840 2006 quod

153 2007 449 2064 praecesserit
492 2007 706 2062 subiectO,
749 2007 1025 2051 Bitschelius
1066 2021 1212 2062 opusc.
1253 2006 1316 2050 IV
1357 2011 1462 2061 1403
1508 2008 1840 2052 nominativum

151 2067 382 2123 pluralem
417 2066 630 2110 Oscorum
667 2079 786 2109 more
816 2067 1017 2122 positum
1056 2067 1290 2110 censebant
1322 2066 1548 2123 Berykius
1585 2067 1638 2109 in
1675 2068 1839 2123 ephem.

158 2126 256 2169 suis
283 2129 394 2168 1851
421 2139 470 2181 p.
491 2128 544 2167 17
577 2125 651 2181 (cf.
676 2125 858 2181 symbol.
883 2125 919 2167 I
945 2129 1030 2167 100
1053 2126 1133 2180 sq.)
1166 2130 1206 2168 et
1230 2124 1491 2168 Huschkius
1521 2138 1714 2169 monum.
1741 2126 1836 2170 Osc.

159 2190 202 2228 et
231 2183 393 2228 Sabell.
420 2198 468 2240 p.
496 2187 602 2238 3123
642 2197 722 2227 nec
751 2184 847 2240 ipse
877 2184 1151 2228 Ritschelius
1179 2197 1278 2227 nov.
1312 2197 1482 2228 excurs.
1512 2184 1666 2229 Plaut
1692 2184 1727 2227 Ι
1753 2188 1837 2228 117

160 2248 432 2299 aspernatus
477 2248 540 2286 est
583 2247 778 2287 vetustas
821 2243 1006 2297 formas.
1075 2243 1333 2286 Dialectum
1373 2242 1622 2287 reddidisse
1658 2249 1840 2299 poetam

158 2302 443 2346 Atellanium
470 2302 687 2369 opinatwr
717 2302 929 2367 Lindsay
959 2303 1011 2345 in
1039 2316 1223 2359 yramm.
1260 2302 1337 2345 lat
1370 2306 1476 2357 398,
1517 2315 1706 2357 quocum
1735 2316 1838 2346 con-

159 2362 315 2406 sentio.
365 2361 412 2404 A
442 2361 684 2405 transitivo
713 2361 844 2405 verbo
875 2359 1110 2428 inrepsere
1142 2361 1421 2404 accusativos
1444 2362 1640 2417 pendere
1668 2362 1842 2406 censuit

159 2421 263 2464 Bue
292 2421 400 2464 decl.
428 2420 506 2463 lat.
534 2424 602 2475 17,
642 2420 844 2476 idemque
873 2420 1133 2476 suspicatur
1163 2419 1343 2463 Pottius
1372 2421 1425 2462 in
1454 2420 1616 2475 ephem
1644 2433 1838 2476 compar.

161 2480 269 2537 linq.
296 2479 461 2523 dicatis
489 2479 526 2522 I
549 2482 656 2533 3213
690 2493 778 2534 pro
817 2479 1068 2523 soloecismo
1102 2479 1293 2522 habebat
1322 2479 1598 2536 Bernhardy
1626 2479 1728 2524 hist.
1754 2479 1840 2525 litt.

159 2538 290 2583 Rom.
316 2539 422 2583 adn.
449 2541 536 2580 334
567 2552 615 2594 p.
641 2542 730 2581 434

974 2647 1021 2694 X

160 2732 280 2804 Ego
322 2731 498 2784 dedita
537 2748 698 2800 opera
735 2732 811 2799 te,
849 2733 1021 2799 pater,
1060 2729 1233 2782 schim
1271 2729 1413 2782 foras

162 2820 383 2890 Seduxi,
419 2822 482 2871 ut
518 2836 585 2871 ne
625 2819 744 2887 quis
784 2819 920 2871 esset
958 2818 1110 2870 testis
1147 2817 1339 2869 tertius

159 2910 378 2963 Praeter
414 2926 534 2977 nos,
572 2906 674 2958 fibi
713 2924 833 2959 cum
871 2906 1148 2958 tunderem
1187 2904 1365 2958 laberis
1403 2905 1607 2959 lubens„
