2060 3140
10 2439 21 2598 .ᾼ,,,,,,.

737 154 1000 202 DECIMVS
1030 157 1328 202 LABERIVS
1760 154 1867 208 365

195 288 392 333 Bothius
431 288 608 334 Mario
646 289 722 334 vel
760 289 1012 334 Morione
1051 289 1151 346 ipse
1183 289 1380 346 conieci,
1420 302 1703 345 quamquam
1734 288 1867 332 dubi·

196 350 371 399 tanter;
411 362 632 392 maereo
663 348 713 392 in
742 351 910 405 poetae
939 351 1120 393 textum
1149 348 1313 392 intulit
1344 347 1689 402 Quicheratius,
1728 362 1869 391 mar-

197 420 294 451 ceo
325 410 372 465 x)

313 510 467 540 mereo
499 497 682 541 HPW
703 510 859 541 mareo
891 497 968 542 Ba
981 497 1090 542 0L1
1120 510 1304 541 maereo
1336 496 1403 541 L²

961 666 1104 713 XVII

197 746 679 799 mendicimonium.
719 747 1180 801 moechimonium.
1218 748 1493 802 adulterio.
1531 748 1960 804 adulteritas.150

201 834 553 903 depudicauit.
608 833 898 887 abluuium.
953 835 1202 888 elutriare
1233 836 1411 889 lintea.
1463 836 1784 888 lauandaria.

319 941 495 986 Gellius
532 942 640 986 XVI
679 948 718 999 7,
754 948 776 986 1
825 942 1071 986 ‘Laberius
1109 944 1160 986 in
1195 943 1371 999 mimis,
1418 958 1533 999 quos
1573 943 1872 1000 scriptitauit,

201 1001 373 1067 oppido
402 1015 544 1056 quam
572 1002 718 1045 uerba
747 1001 882 1045 finxit
909 1001 1228 1058 praelicenter.
1275 1002 1398 1045 Nam
1429 1005 1477 1046 et
1506 1002 1873 1046 mendicimo-

199 1060 353 1104 nium
384 1059 504 1103 dixit
534 1062 583 1104 et
619 1059 1090 1104 moechimonium
1121 1063 1169 1104 et
1200 1061 1618 1105 adulterionem
1650 1061 1873 1105 adulte-

199 1119 531 1175 ritatemque
561 1133 645 1176 pro
678 1119 930 1176 adulterio,
966 1122 1014 1163 et
1045 1119 1419 1176 depudicauit
1447 1135 1531 1177 pro
1563 1120 1797 1177 stuprauit
1827 1123 1875 1164 et

202 1178 496 1222 abluuium
533 1192 617 1235 pro
650 1178 828 1222 diluuio
863 1215 871 1223 .
900 1214 908 1222 .
936 1215 944 1223 .
978 1180 1026 1222 et
1057 1178 1336 1223 elutriare
1374 1178 1559 1223 lintea
1589 1182 1635 1223 et
1674 1180 1873 1223 lauan-

203 1236 366 1281 daria
398 1237 526 1293 dicit,
559 1251 679 1293 quae
711 1238 771 1281 ad
801 1237 1058 1281 lauandum
1090 1237 1184 1281 sint
1215 1238 1358 1282 data.’
1412 1237 1477 1282 Cf.
1502 1237 1680 1282 Nonius
1711 1254 1756 1295 p.
1776 1243 1874 1295 140,

202 1302 257 1340 31
292 1296 353 1340 ad
384 1295 581 1352 Cophim'
610 1297 653 1339 Π
692 1296 962 1353 exscriptus.
1017 1296 1344 1353 (eleutriare
1375 1297 1520 1342 Paris.
1561 1297 1874 1341 eleutriare

205 1356 250 1457 ge
282 1357 418 1414 eras]
449 1355 562 1412 Reg.
610 1355 676 1400 Cf.
703 1355 919 1399 Roensch
949 1369 1054 1400 ann.
1079 1355 1259 1412 philoll.
1287 1360 1400 1399 1883
1430 1371 1475 1413 p.
1501 1361 1587 1400 214
1675 1356 1769 1400 lab
1782 1371 1875 1400 an—

245 1414 366 1458 aria
395 1414 540 1459 Paris.
564 1414 710 1472 Lugd.
743 1414 1080 1458 labrandria
1104 1415 1234 1459 Voss.
1267 1414 1574 1459 labandria
1604 1433 1640 1471 φ
1676 1415 1876 1459 1311311-

204 1473 328 1517 dria
358 1473 518 1531 vulgo)

206 1687 325 1720 arra

322 1769 497 1814 Gelh'us
529 1769 657 1812 XVII
688 1774 729 1825 2,
755 1772 809 1811 21
845 1769 985 1811 ‘nunc
1015 1768 1181 1812 arrabo
1213 1767 1262 1811 in
1294 1767 1492 1812 sordidis
1524 1768 1679 1812 uerbis
1711 1768 1877 1813 haberi

205 1832 395 1886 coeptus
443 1842 496 1872 ac
541 1827 688 1871 multo
734 1826 921 1871 uidetur
966 1826 1196 1870 sordidius
1244 1841 1368 1883 arra,
1421 1841 1703 1883 quamquam
1750 1842 1877 1872 arra

205 1902 387 1945 quoque
417 1890 597 1931 ueteres
630 1899 768 1943 saepe
800 1885 1013 1942 dixerint,
1046 1887 1093 1929 et
1123 1885 1430 1942 compluriens
1461 1886 1717 1931 Laberius)

983 2069 1100 2117 XIX

207 2141 553 2195 dictabolaria

323 2243 495 2287 Fronto
535 2242 592 2285 de
631 2243 746 2285 orat.
777 2255 821 2296 p.
849 2244 931 2284 156
966 2239 1086 2284 Nab.
1129 2241 1296 2294 ‘neque
1333 2238 1495 2295 ignoro
1536 2264 1592 2271 —
1630 2265 1690 2271 —-
1727 2265 1786 2271 —
1824 2241 1878 2283 ut

205 2301 444 2356 Laberius,
469 2298 880 2354 dictabolaria,
907 2298 1049 2342 immo
1074 2297 1269 2342 dicteria
1290 2297 1446 2354 potius
1472 2298 1593 2341 eum’
1620 2296 1878 2355 (Senecam)

209 2363 368 2417 ‘quam
399 2360 525 2404 dicta
557 2358 824 2404 continere.’
889 2357 955 2403 Cf.
986 2357 1164 2401 Novius
1194 2356 1282 2401 inc.
1308 2357 1401 2401 fab.
1427 2357 1524 2400 XV.

1001 2527 1092 2574 XX

209 2615 427 2667 arietem
465 2612 957 2681 reciprocicornem,
995 2611 1303 2678 lanicutem,
1341 2609 1682 2661 testitrahum

326 2720 640 2765 Tertullianus
673 2720 731 2763 de
761 2719 906 2776 pallio
937 2724 959 2762 1
997 2720 1123 2762 ‘nam
1154 2720 1201 2762 et
1232 2717 1469 2762 arietem
1498 2731 1592 2761 non
1623 2731 1761 2773 quem
1789 2718 1876 2762 La-

209 2780 365 2825 berius
403 2778 914 2835 reciprocicornem
949 2780 998 2821 et
1034 2777 1344 2821 lanicutem
1377 2779 1425 2820 et
1461 2776 1873 2832 testitrahum,’

209 2839 599 2904 (testitrabum
628 2837 828 2882 Vindob
857 2836 998 2892 Leid„
1031 2837 1102 2881 ed.
1130 2852 1197 2893 pr.
1236 2836 1561 2880 textrabum
1590 2835 1742 2893 Laur)
1778 2814 1877 2879 ‘se'd

209 2899 367 2942 trabes
391 2896 608 2941 machina
632 2899 716 2953 est,
749 2910 868 2952 quae
898 2910 1052 2939 muros
1083 2895 1294 2952 frangere
1325 2894 1517 2938 militat’
1545 2908 1582 2939 e.
1600 2909 1643 2950 q.
1662 2910 1695 2939 s.
1744 2895 1876 2939 Vnde

212 2957 466 3001 Salmfflius
513 2970 698 2999 uersum
743 2955 855 2999 fecit
907 2955 1052 3000 hunc:
1104 2953 1600 3011 Reciprocicornis
1653 2953 1876 2998 lanicus
