2060 3140
820 129 910 176 CN.
943 129 1209 175 NAEVIVS
1776 132 1845 184 21

172 263 310 307 modo
342 264 438 307 edd.
463 269 586 309 vett.=
619 265 719 309 vide
748 277 902 320 supra.
966 263 1198 309 Sententia
1228 264 1336 309 haec
1365 263 1506 318 fuisse
1523 269 1692 320 potest:
1723 264 1850 319 quod

172 321 370 380 populus
400 321 600 379 patitur,
632 325 684 366 tu
714 321 869 379 patias
900 321 1015 367 item

986 418 1039 466 H

174 543 391 558 .....
433 499 562 570 quid
598 501 811 555 moras?
851 533 920 539 -—
961 500 1101 565 Quid
1138 501 1315 571 (iam)
1356 500 1623 571 imperas?

289 607 439 638 mores
472 594 582 639 Par.
607 595 654 639 B
744 594 856 651 quia
892 595 1094 652 imperas
1133 596 1244 640 Par.
1270 595 1316 639 A
1346 595 1532 640 Monac.
1581 609 1674 650 qua
1714 606 1850 651 peras

172 650 281 698 Parr.
307 653 353 697 Β
392 652 505 722 quid
543 652 745 710 imperas
783 655 880 700 edd.
920 660 1043 712 vett„
1084 655 1203 712 quod
1232 655 1379 713 may-is
1410 655 1572 711 placet.
1620 652 1735 709 quin
1765 652 1851 697 im-

170 718 338 768 peras?
367 714 505 757 amici
528 726 660 770 prop.

764 806 1262 864 QVADRIGEMINI

225 934 235 943 .
277 934 286 943 .
328 909 424 944 suo
464 890 637 943 lab6ri
675 890 855 943 nullus
893 891 1118 960 parauit.

287 991 468 1035 Nonius
494 995 593 1047 153,
620 995 674 1035 22
711 990 984 1048 ‘pareuit,
1015 992 1257 1048 pepercit.'

291 1079 443 1124 labori
473 1081 572 1126 edd.
603 1079 778 1124 laboris
810 1097 845 1123 ω
876 1079 1029 1124 labori
1058 1079 1098 1124 is
1129 1095 1174 1126 x.
1236 1082 1316 1126 An
1347 1095 1456 1126 suos
1486 1081 1703 1127 labores?

815 1203 1209 1255 STALAGMVS

169 1288 378 1343 Visam:
418 1289 514 1343 deo
553 1290 672 1342 me6
711 1289 946 1359 propitio
984 1291 1134 1343 meus
1171 1290 1333 1344 homo
1374 1294 1467 1344 est.
1884 1304 1940 1345 70

286 1391 497 1435 Donatus
536 1390 586 1434 in
623 1390 725 1435 Ter.
764 1390 948 1436 Phorm
973 1390 995 1434 I
1019 1395 1067 1447 2,
1094 1396 1150 1436 24
1191 1391 1299 1436 ‘deo
1337 1391 1460 1436 irato
1497 1392 1624 1458 meo]
1662 1391 1849 1436 uidetur

231 1449 504 1494 ,addidisse
532 1463 673 1507 meo,
712 1463 771 1494 ne
802 1452 926 1494 esset
955 1427 1218 1531 ἀμφίβολον
1248 1450 1323 1494 eui
1355 1450 1552 1496 diceret·
1591 1450 1713 1495 irato
1746 1451 1847 1496 deo.

169 1486 376 1553 Naeuius
422 1509 473 1553 in
518 1486 945 1566 Stalagmonisa
990 1509 1118 1554 deo’
1173 1523 1210 1554 e.
1247 1525 1291 1566 q.
1328 1524 1362 1554 S.
1436 1509 1652 1554 Neuius
1699 1510 1847 1567 Lugd.

170 1567 617 1612 HemniusDresd.
711 1568 1140 1626 Stalagmonisa
1164 1568 1266 1613 deo
1284 1568 1438 1614 Ouiae
1466 1568 1849 1636 stalagmonis

170 1627 322 1671 Adeo
354 1627 500 1685 Lugd.
542 1627 890 1695 Stalagmois
923 1627 1063 1672 adeo
1095 1627 1243 1672 Gand.
1286 1627 1667 1686 stalignionis
1707 1628 1848 1672 adeo

172 1686 332 1732 Dresd.
382 1685 708 1753 Stalagmus
741 1685 862 1731 servi
892 1700 1063 1731 nomen
1093 1700 1150 1731 ex
1174 1686 1384 1745 Captivis
1407 1689 1571 1732 notum
1592 1689 1701 1745 post
1731 1687 1849 1732 alios

170 1745 368 1790 Bothius
405 1744 611 1802 agnovit.

289 1833 454 1878 uisam.
511 1833 599 1878 deo
635 1835 801 1891 scripsi
845 1833 949 1878 nisa
995 1834 1083 1879 deo
1128 1836 1197 1880 vel
1234 1834 1308 1879 nis
1356 1835 1474 1879 adeo
1521 1837 1577 1892 (v
1617 1836 1775 1892 supra)
1814 1851 1849 1879 ω

170 1908 340 1937 mussa.
375 1893 461 1937 deo
494 1893 596 1937 Bue
625 1892 719 1936 nisi
747 1892 844 1937 iam
874 1893 963 1937 deo
1000 1907 1034 1938 x
1185 1894 1375 1949 fortasse
1406 1894 1546 1938 homo
1578 1893 1750 1953 (illic)
1779 1895 1853 1938 est

170 1954 239 1998 vel
267 1951 414 2012 (hic)
448 1954 520 1996 est
548 1952 688 1996 homo
720 1954 904 1998 dederat
925 1958 1062 2009 poeta

814 2075 1213 2126 STIGMATIAS

170 2146 390 2216 praebia

287 2239 436 2284 Varro
468 2239 526 2284 de
556 2239 585 2284 1.
620 2240 650 2285 1.
675 2239 763 2284 VII
786 2244 871 2284 107
894 2239 957 2286 Μ.
993 2240 1136 2297 ‘apud
1167 2239 1400 2285 Naeuium
1430 2239 1480 2283 in
1509 2239 1715 2284 Hesiona
1726 2275 1852 2284 ......

170 2298 220 2342 in
254 2297 526 2356 Stigmatia:
564 2298 824 2356 praebia,
865 2313 894 2343 a
931 2299 1200 2356 praebendo
1230 2301 1287 2343 ut
1315 2298 1377 2343 sit
1406 2301 1560 2356 tutus,
1599 2299 1725 2355 quod
1755 2298 1851 2343 sint

171 2358 381 2402 remedia
408 2357 458 2401 in
489 2357 609 2402 collo
637 2357 827 2416 pueris)
885 2361 932 2415 (a
961 2358 1318 2415 prohibendo
1436 2356 1599 2415 pueri
1621 2357 1855 2416 Bergkius.

172 2431 326 2474 opusc.
350 2417 373 2460 I
396 2421 481 2461 392
514 2417 571 2462 cf.
603 2417 769 2462 Festus
800 2432 844 2474 p.
871 2421 971 2462 234.
997 2420 1100 2474 238)

797 2541 1225 2591 TARENTILLA

290 2638 354 2683 Cf.
393 2642 672 2694 Ταραντῖνοι
711 2638 934 2684 Alexidis.
995 2638 1331 2682 Adulescentes
1372 2638 1464 2683 duo
1504 2638 1615 2682 dum
1650 2638 1848 2696 peregri,

171 2697 363 2742 Tarenti
392 2697 442 2741 ni
473 2696 626 2755 fallor,
656 2710 755 2741 rem
784 2700 1029 2754 paternam
1059 2697 1333 2754 disperdunt
1356 2697 1457 2754 (Ἧι
1490 2697 1546 2743 ef.
1571 2698 1648 2742 IV.
1673 2698 1747 2755 V),
1778 2696 1849 2741 in-

168 2756 355 2813 proviso
395 2769 424 2801 a
452 2755 666 2813 patribus
697 2755 911 2801 visuntur
933 2756 1076 2813 (VEL
1110 2756 1165 2800 cf.
1191 2756 1268 2800 IX.
1292 2756 1364 2814 X).
1420 2755 1624 2810 Quorum
1656 2756 1856 2802 alterius.

171 2816 322 2860 amica
361 2818 465 2860 erat
492 2814 752 2859 Tarentilla
781 2815 852 2873 (fr.
877 2815 931 2860 H.
956 2815 1050 2872 XI).
1112 2815 1303 2859 Duobus
1343 2815 1719 2860 adulescentibus
1756 2815 1848 2859 duo

170 2874 382 2919 adiuncti
419 2874 608 2918 fuerunt
646 2874 767 2918 servi
808 2874 878 2931 (fr.
902 2874 1038 2931 VIII).
1100 2873 1479 2919 Reconciliantur
1515 2877 1672 2932 patres
1709 2873 1855 2919 certis

168 2933 374 2990 legi-bus,
406 2933 467 2978 ad
497 2947 613 2989 quas
644 2933 698 2978 fr.
723 2933 808 2977 XII
838 2933 1053 2990 pertinet.
