2060 3140
242 98 350 150 350
442 141 445 143 .
782 95 1046 140 DECIMVS
1075 96 1340 142 LABERJV
1341 96 1371 141 S

1039 259 1121 313 ΙΙΙ

243 336 603 389 amorabunda

362 436 538 481 Gellius
577 435 641 478 XI
680 440 755 490 15,
798 440 820 477 1
873 434 1120 478 ‘Laberius
1173 434 1223 477 in
1267 434 1392 478 Lacu
1437 435 1622 479 Auerno
1670 435 1912 480 muherem

242 498 475 540 amantem
515 494 659 538 uerbo
699 492 971 537 inusitatius
1014 493 1122 537 ficto
1169 493 1610 537 amorabundam
1656 493 1787 539 dixit.
1855 494 1911 538 Id

240 555 432 599 uerbum
478 552 730 597 Caesellius
775 552 959 595 Vindex
1010 553 1060 595 in
1107 551 1438 596 commentario
1491 552 1745 597 lectionum
1792 553 1911 597 anti—

241 628 435 669 quarum
473 626 529 655 ea
566 612 715 669 figura
756 611 978 668 scriptum
1017 610 1156 667 dixit,
1203 625 1296 667 qua
1337 610 1618 668 ludibunda,
1660 611 1912 656 ridibunda

241 674 288 716 et
318 671 580 716 errabunda
612 670 783 715 dicitur
812 670 976 713 ludens
1009 672 1058 714 et
1086 669 1242 714 ridens
1275 671 1322 713 et
1353 671 1542 714 errans.’

772 868 946 916 LATE
986 866 1382 925 LOQVENTES

354 965 389 1008 L
400 965 556 1009 atine
579 965 632 1008 lo
643 979 712 1020 qu
722 966 848 1007 ente
859 979 878 1007 s
904 963 1166 1020 suspicatus
1183 966 1255 1020 est
1268 964 1551 1008 Ritschelius
1567 965 1751 1022 Parerg.
1766 965 1787 1008 I
1803 969 1910 1009 143:

240 1025 321 1068 sed
344 1024 400 1069 cf.
427 1023 539 1068 CGI.
556 1024 600 1067 Π
621 1028 707 1067 409
726 1022 777 1067 G.
799 1021 1097 1080 ‘nzavvzoyog
1119 1022 1434 1078 latiloquens?
1483 1023 1691 1067 Medicus
1716 1022 1909 1079 quidam

237 1083 421 1140 ineptus
445 1083 495 1126 in
519 1082 693 1127 anthol.
711 1082 776 1125 XI
799 1086 898 1138 382,
916 1087 942 1126 5
967 1080 1273 1139 πλατυλέσχης
1297 1081 1479 1127 dicitur.
1527 1082 1911 1126 Academicorum

239 1141 622 1199 πλατυρημοσύνη
652 1140 831 1184 ridetur
862 1154 889 1184 a
920 1141 1113 1185 Timone
1147 1140 1236 1185 sill.
1263 1140 1319 1186 fr.
1343 1140 1556 1184 XXXXII
1578 1142 1652 1185 W.

1063 1295 1089 1341 I
1206 1363 1299 1416 sed
1338 1364 1462 1416 dum
1500 1365 1781 1433 popularia

237 1439 463 1510 Agimus
501 1456 596 1508 per
633 1438 819 1490 ludum

352 1538 531 1583 Nonius
573 1543 678 1594 150,
719 1543 774 1582 26
829 1537 1176 1594 ‘populatia,
1230 1540 1284 1581 ut
1327 1510 1523 1595 nugalia
1569 1537 1647 1582 uel
1698 1538 1909 1595 puerilia.

235 1597 458 1642 Laberius
489 1598 626 1642 Late
656 1596 1050 1653 loquentibus:
1087 1610 1111 1640 e
1144 1597 1286 1640 dum’
1313 1611 1350 1642 e.
1376 1612 1419 1653 q.
1447 1612 1480 1641 s.

357 1692 378 1730 1
414 1687 495 1730 sed
525 1688 687 1744 scripsi
721 1688 768 1730 et
798 1686 925 1730 FH1
959 1700 984 1730 e
1016 1703 1051 1742 φ
1082 1686 1199 1729 haec
1230 1686 1453 1744 Scaliyer:
1483 1688 1581 1731 alia
1613 1688 1807 1732 ariolari
1834 1688 1907 1742 fa-

236 1748 318 1791 cile
341 1752 405 1791 est
514 1744 762 1802 popularia
783 1745 1004 1790 Gesnerus
1033 1744 1234 1801 puerilia
1256 1762 1291 1789 ω
1321 1745 1572 1802 populacia
1594 1746 1772 1790 Aldina

1053 1900 1105 1947 II

242 1984 349 2047 Qus
388 1984 577 2054 pedem
624 2002 688 2036 ex
733 1983 954 2036 taberna
1000 1983 1222 2036 tulimus
1229 2026 1243 2053 ,
1295 1984 1477 2036 tantus
1523 2001 1644 2036 cum
1689 1984 1912 2036 instaret

1469 2072 1640 2140 pluor.

357 2173 536 2218 Nonius
577 2178 683 2228 220,
716 2177 771 2216 32
818 2171 1040 2229 ‘pluuia
1080 2208 1088 2216 .
1122 2208 1132 2216 .
1167 2208 1178 2217 .
1215 2171 1461 2222 masculini
1505 2171 1729 2216 Laberius
1773 2171 1910 2215 Late

240 2234 531 2289 loquente:
575 2231 679 2288 qui'
715 2245 752 2276 e.
778 2246 821 2287 q.
847 2246 882 2276 s.

357 2322 556 2366 instaret
585 2321 825 2377 Hauptius
863 2322 1008 2364 staret
1039 2337 1072 2363 ω

965 2503 1190 2551 NATAL

1066 2607 1091 2654 I

160 2691 214 2730 60
245 2678 442 2746 cippus,
504 2678 658 2731 obba.
719 2677 949 2730 cameHa.

362 2779 383 2821 I
407 2793 472 2834 sq.
508 2777 684 2823 Gellius
716 2778 820 2821 XVI
853 2782 891 2834 7,
924 2781 949 2820 9
989 2776 1228 2838 ‘Laberius
1269 2813 1278 2821 .
1306 2812 1315 2820 .
1342 2810 1351 2819 .
1390 2774 1504 2818 item
1540 2774 1591 2817 in
1626 2773 1788 2828 mimo,
1829 2772 1909 2828 qui

247 2836 514 2880 inscribitur
550 2836 732 2893 natal,
777 2836 999 2893 cippum
1038 2835 1154 2879 dicit
1193 2837 1240 2879 et
1277 2834 1477 2879 Obbam
1516 2835 1563 2877 et
1601 2831 1906 2876 camellam.

249 2897 295 2938 et
328 2895 632 2951 pittacium
664 2898 712 2939 et
745 2895 1031 2952 capitium.
1092 2893 1271 2950 Induis,
1302 2892 1476 2948 inquit,
1509 2891 1752 2948 capitium,
1783 2892 1816 2934 t.
1841 2891 1905 2946 p.'
