2060 3140
301 122 409 174 210
943 117 993 161 L.
1022 88 1324 159 AFRANIVS

1120 255 1145 300 I

857 338 976 407 quis
1014 341 1073 389 tu
1113 355 1167 389 es
1205 337 1427 389 uentoso
1466 337 1525 388 1'11
1561 337 1678 390 loeo

217 449 301 488 105
321 431 577 498 SoleatUS‚
616 428 932 495 intempesta
968 429 1130 478 noctu
1169 425 1268 477 sub
1305 423 1433 478 Ioue

318 518 519 594 Aperte
561 516 745 584 capite,
784 515 960 566 silices
1000 532 1121 566 eum
1158 513 1326 565 findat
1362 513 1549 584 gelus?

371 676 380 684 ·
419 615 599 697 ’Nonius
638 620 737 671 207,
771 620 825 658 32
868 614 1023 671 ‘gelu
1069 650 1113 658 ..
1143 650 1150 658 .
1190 613 1438 657 masculini
1476 613 1694 658 Afranius
1739 613 1974 670 Epistula:

304 691 406 732 qu1s
467 689 503 719 e.
530 690 572 730 q.
599 690 632 718 S.

423 770 447 807 2
487 765 624 807 nocte
664 762 715 805 F
725 762 758 818 1,
805 762 997 806 Junius:
1046 762 1098 805 de
1139 763 1282 804 noctu
1319 762 1468 816 forma
1505 762 1716 806 disseruit
1754 761 1979 820 Berykius

303 825 440 881 symb.
474 824 509 866 I
537 837 585 878 p.
614 825 667 864 79
804 820 888 864 sub
927 820 1037 864 Ioue
1075 822 1238 876 scripsi
1280 821 1353 877 (cf.
1387 821 1537 864 coroll.
1568 820 1734 864 LXVII
1763 822 1842 876 sq.)
1891 821 1976 865 sub

306 882 415 926 diuo
452 899 486 925 ω
528 881 612 924 sub
651 879 760 923 niue
791 880 1116 923 Lachmannus
1155 880 1239 923 sub
1281 878 1357 923 dio
1390 879 1623 924 Mereerus
1661 880 1746 923 sub
1786 878 1866 922 diu
1905 881 1977 924 de-

303 942 453 997 fendit
483 941 585 984 Bue
615 953 726 983 mus
752 939 893 983 Rhen.
921 942 990 994 20,
1015 943 1101 981 432
1133 944 1174 982 et
1203 943 1274 994 41,
1301 942 1384 981 312
1418 937 1610 982 subdius
1639 939 1863 996 Berykius

307 1005 333 1043 3
364 999 501 1042 findit
538 999 851 1056 Quicheratius
1661 1035 1666 1038 .

1122 1077 1172 1124 II

308 1207 319 1216 .
360 1163 704 1216 comissatum
743 1161 981 1230 protenis
1019 1162 1164 1219 reeta
1203 1162 1418 1214 domum

307 1251 666 1323 Digredimur.

427 1351 605 1396 Nonius
639 1355 738 1406 376,
769 1355 794 1394 6
837 1349 1123 1406 ‘protinus
1163 1349 1442 1406 ubicumque
1480 1352 1653 1395 lectum
1691 1355 1781 1409 est,
1823 1355 1986 1396 eontra

307 1427 443 1455 usum
488 1410 755 1454 intellectus
802 1408 1078 1464 eommuniS,
1126 1423 1216 1464 quo
1261 1409 1422 1452 statim
1464 1410 1724 1468 significare
1767 1411 1982 1468 ereditur,

308 1471 514 1528 positum
544 1467 793 1524 inuenitur,
826 1471 879 1511 ut
912 1468 973 1511 sit
1002 1467 1213 1524 protinus
1244 1482 1380 1524 porro
1414 1483 1468 1512 ae
1500 1469 1597 1514 sine
1627 1470 1983 1527 intermissione,

311 1529 543 1585 continuo,
577 1527 700 1583 quod
730 1526 940 1571 iunctum
963 1529 1099 1570 tenus
1124 1526 1222 1570 eius
1249 1527 1611 1584 significantiam
1634 1530 1875 1574 confirmat
1902 1530 2005 1583 ada

310 1587 462 1632 uerbii
488 1624 495 1631 .
518 1623 526 1632 .
547 1623 554 1631 .
582 1589 630 1630 et
660 1586 881 1641 quoniam
903 1600 998 1629 non
1021 1585 1139 1628 nulli
1170 1588 1381 1630 ueterum
1401 1591 1492 1644 'pro
1518 1602 1586 1644 eo,
1618 1589 1743 1644 quod
1772 1588 1982 1646 protinus

312 1650 395 1703 est,
426 1645 714 1703 protinam
737 1645 813 1689 uel
835 1644 1094 1701 protenis
1120 1647 1459 1703 conuerterunt,
1492 1648 1703 1704 exempla
1728 1649 1785 1692 de
1807 1648 1881 1692 his
1904 1662 1984 1692 ne-

311 1705 515 1750 cessaria
531 1704 820 1760 decerpenda
842 1707 961 1747 sunt.
1002 1703 1222 1748 Afranius
1239 1704 1472 1761 Epistola:
1495 1706 1810 1757 comissatum’
1831 1721 1867 1751 e.
1887 1722 1930 1762 q.
1948 1722 1983 1751 s,

433 1799 455 1843 1,
482 1807 543 1850 sq.
569 1794 687 1837 redii
716 1793 777 1836 ad
810 1793 1026 1836 librorum
1055 1794 1327 1848 memoriam,
1359 1800 1540 1839 auctore
1563 1795 1805 1840 Ritschelio
1835 1810 1985 1852 opusc.

312 1853 354 1896 Π
378 1856 462 1895 245
494 1854 558 1896 sic
588 1850 766 1910 (inde)
796 1865 909 1894 eom.
935 1866 980 1906 p.
1005 1866 1039 1894 r.
1068 1850 1353 1908 digredimur
1385 1853 1571 1897 domum
1602 1861 1984 1912 transposueram3

311 1926 390 1956 ‘nec
413 1911 631 1968 refrayor,
661 1911 702 1954 si
725 1911 826 1967 quis
848 1916 900 1954 ut
922 1911 1024 1954 Bue
1046 1912 1349 1967 septenarium
1372 1914 1504 1957 iamb.
1530 1916 1793 1960 continuare
1815 1915 1987 1959 mavult

399 1971 621 2026 protenus
650 1969 714 2013 ΘΙ
743 1967 954 2025 protinus
988 1969 1068 2013 W¹

1112 2080 1188 2126 III

314 2163 435 2216 Huc
472 2163 623 2215 uenit
661 2162 873 2233 fugiens
911 2162 1275 2217 tenebrionem
1314 2164 1561 2219 Til-rium.

432 2262 611 2307 Nonius
647 2268 714 2319 19,
741 2269 766 2306 3
802 2263 1074 2307 ‘nebulones
1108 2267 1155 2308 et
1193 2266 1560 2310 tenebriones
1594 2268 1708 2312 dicti
1739 2272 1866 2325 sunt,
1907 2269 1989 2325 qui

315 2322 571 2366 mendaciis
611 2324 658 2366 et
697 2321 881 2365 astutiis
914 2322 1008 2365 suis
1039 2323 1259 2367 nebulam
1290 2325 1525 2380 quandam
1557 2329 1604 2370 et
1641 2328 1857 2372 tenebras
1889 2328 1989 2372 obi-

319 2381 465 2436 ciant3
498 2383 581 2425 aut
612 2380 780 2436 quibus
814 2381 875 2424 ad
905 2381 1065 2438 fugam
1097 2384 1144 2425 et
1174 2382 1300 2426 furta
1331 2383 1446 2428 haec
1478 2388 1610 2430 erant
1641 2387 1990 2431 accommodata.

320 2442 367 2483 et
396 2439 534 2484 utilia
568 2476 576 2485 .
605 2477 613 2484 .
642 2476 650 2484 .
678 2477 686 2484 .
719 2439 939 2483 Afranius
971 2439 1206 2496 Epistula:
1238 2442 1345 2486 hue'
1381 2457 1417 2487 e.
1445 2458 1488 2499 q.
1514 2459 1548 2488 ε.

435 2527 754 2572 tenebrionem
784 2530 880 2572 edd.
920 2528 1191 2572 tenebrione
1222 2547 1257 2573 ω
1393 2531 1612 2576 Timum:
1651 2548 1810 2578 nomen
1839 2535 1991 2589 firmat

319 2588 400 2689 tga
412 2587 591 2690 ’It‘raew
634 2588 684 2630 i‘n
729 2588 889 2643 ephem.
923 2589 1059 2645 epiyr.
1094 2588 1115 2631 I
1155 2593 1211 2632 20
1257 2604 1303 2634 n.
1336 2595 1390 2633 53
1446 2591 1641 2647 tyrrium
1680 2593 1725 2635 P
1767 2592 1990 2636 Thurium

402 2660 441 2690 w
461 2659 515 2690 us

1121 2727 1192 2774 IV

237 2820 363 2860 110s1
396 2806 582 2876 Itaque
629 2808 757 2861 adeo
806 2809 1059 2862 extundo:
1107 2829 1170 2862 ex
1219 2811 1395 2865 officio
1445 2815 1598 2868 datur
1642 2815 1775 2868 mihi
1819 2820 1990 2870 eusto-

1292 2902 1523 2956 diendus.
