<?xml version="1.0" encoding="UTF-8"?>
<!DOCTYPE html PUBLIC "-//W3C//DTD XHTML 1.0 Transitional//EN"
    "http://www.w3.org/TR/xhtml1/DTD/xhtml1-transitional.dtd">
<html xmlns="http://www.w3.org/1999/xhtml" xml:lang="en" lang="en">
 <head>
  <title>
</title>
<meta http-equiv="Content-Type" content="text/html;charset=utf-8" />
  <meta name='ocr-system' content='tesseract 3.04.00' />
  <meta name='ocr-capabilities' content='ocr_page ocr_carea ocr_par ocr_line ocrx_word'/>
</head>
<body>
  <div class='ocr_page' id='page_1' title='image "./scaenicaeromanor02ribbuoft_0009.png"; bbox 0 0 2060 3140; ppageno 0'>
   <div class='ocr_carea' id='block_1_1' title="bbox 703 546 1242 618">
    <p class='ocr_par' dir='ltr' id='par_1_1' title="bbox 703 546 1242 618">
     <span class='ocr_line' id='line_1_1' title="bbox 703 546 1242 618; baseline 0.002 -1"><span class='ocrx_word' id='word_1_1' title='bbox 703 546 1242 618; x_wconf 81' lang='lat' dir='ltr'><strong>PRAEFATIO</strong></span> 
     </span>
    </p>
   </div>
   <div class='ocr_carea' id='block_1_2' title="bbox 131 788 1814 2900">
    <p class='ocr_par' dir='ltr' id='par_1_2' title="bbox 131 788 1814 2034">
     <span class='ocr_line' id='line_1_2' title="bbox 239 788 1813 851; baseline 0 -14"><span class='ocrx_word' id='word_1_2' title='bbox 239 788 552 838; x_wconf 83' lang='lat' dir='ltr'>Adornandis</span> <span class='ocrx_word' id='word_1_3' title='bbox 584 788 884 837; x_wconf 83' lang='lat' dir='ltr'>comicorum</span> <span class='ocrx_word' id='word_1_4' title='bbox 913 791 1188 851; x_wconf 85' lang='lat' dir='ltr'>poetarum,</span> <span class='ocrx_word' id='word_1_5' title='bbox 1223 804 1347 850; x_wconf 88' lang='lat' dir='ltr'>quos</span> <span class='ocrx_word' id='word_1_6' title='bbox 1375 791 1490 850; x_wconf 90' lang='lat' dir='ltr'>post</span> <span class='ocrx_word' id='word_1_7' title='bbox 1514 789 1631 837; x_wconf 88' lang='lat' dir='ltr'>anni</span> <span class='ocrx_word' id='word_1_8' title='bbox 1661 790 1813 838; x_wconf 84' lang='lat' dir='ltr'>inter·</span> 
     </span>
     <span class='ocr_line' id='line_1_3' title="bbox 137 861 1812 927; baseline 0 -16"><span class='ocrx_word' id='word_1_9' title='bbox 137 863 327 912; x_wconf 87' lang='lat' dir='ltr'>vallum</span> <span class='ocrx_word' id='word_1_10' title='bbox 358 862 573 927; x_wconf 88' lang='lat' dir='ltr'>tragicos</span> <span class='ocrx_word' id='word_1_11' title='bbox 612 861 754 924; x_wconf 77' lang='lat' dir='ltr'>sequi</span> <span class='ocrx_word' id='word_1_12' title='bbox 790 862 942 925; x_wconf 86' lang='lat' dir='ltr'>volui,</span> <span class='ocrx_word' id='word_1_13' title='bbox 981 862 1207 924; x_wconf 87' lang='lat' dir='ltr'>reliquiis</span> <span class='ocrx_word' id='word_1_14' title='bbox 1242 862 1567 911; x_wconf 88' lang='lat' dir='ltr'>utilissimum</span> <span class='ocrx_word' id='word_1_15' title='bbox 1606 863 1812 912; x_wconf 82' lang='lat' dir='ltr'>accessit</span> 
     </span>
     <span class='ocr_line' id='line_1_4' title="bbox 137 935 1811 986; baseline 0.001 -2"><span class='ocrx_word' id='word_1_16' title='bbox 137 937 479 985; x_wconf 90' lang='lat' dir='ltr'>adiumentum</span> <span class='ocrx_word' id='word_1_17' title='bbox 517 935 818 984; x_wconf 77' lang='lat' dir='ltr'>liberalitate</span> <span class='ocrx_word' id='word_1_18' title='bbox 856 935 953 983; x_wconf 84' lang='lat' dir='ltr'>viri</span> <span class='ocrx_word' id='word_1_19' title='bbox 991 935 1262 984; x_wconf 76' lang='lat' dir='ltr'>doctissimi</span> <span class='ocrx_word' id='word_1_20' title='bbox 1300 935 1378 983; x_wconf 87' lang='lat' dir='ltr'>W.</span> <span class='ocrx_word' id='word_1_21' title='bbox 1410 936 1644 984; x_wconf 79' lang='lat' dir='ltr'>WARNER</span> <span class='ocrx_word' id='word_1_22' title='bbox 1683 935 1811 986; x_wconf 86' lang='lat' dir='ltr'>Oxo-</span> 
     </span>
     <span class='ocr_line' id='line_1_5' title="bbox 135 1009 1812 1074; baseline 0.001 -16"><span class='ocrx_word' id='word_1_23' title='bbox 135 1010 332 1074; x_wconf 86' lang='lat' dir='ltr'>niensis,</span> <span class='ocrx_word' id='word_1_24' title='bbox 373 1009 460 1072; x_wconf 90' lang='lat' dir='ltr'>qui</span> <span class='ocrx_word' id='word_1_25' title='bbox 497 1009 828 1058; x_wconf 84' lang='lat' dir='ltr'>intercedente</span> <span class='ocrx_word' id='word_1_26' title='bbox 859 1009 965 1057; x_wconf 80' lang='lat' dir='ltr'>viro</span> <span class='ocrx_word' id='word_1_27' title='bbox 1006 1009 1287 1058; x_wconf 91' lang='lat' dir='ltr'>studiorum</span> <span class='ocrx_word' id='word_1_28' title='bbox 1318 1010 1660 1059; x_wconf 89' lang='lat' dir='ltr'>communione</span> <span class='ocrx_word' id='word_1_29' title='bbox 1693 1011 1812 1059; x_wconf 91' lang='lat' dir='ltr'>olim</span> 
     </span>
     <span class='ocr_line' id='line_1_6' title="bbox 134 1082 1811 1133; baseline 0.001 -2"><span class='ocrx_word' id='word_1_30' title='bbox 134 1084 256 1132; x_wconf 90' lang='lat' dir='ltr'>mihi</span> <span class='ocrx_word' id='word_1_31' title='bbox 276 1083 537 1132; x_wconf 89' lang='lat' dir='ltr'>coniuncto</span> <span class='ocrx_word' id='word_1_32' title='bbox 557 1083 631 1130; x_wconf 92' lang='lat' dir='ltr'>W.</span> <span class='ocrx_word' id='word_1_33' title='bbox 644 1083 708 1130; x_wconf 90' lang='lat' dir='ltr'>M.</span> <span class='ocrx_word' id='word_1_34' title='bbox 722 1083 954 1130; x_wconf 81' lang='lat' dir='ltr'>LINDSAY</span> <span class='ocrx_word' id='word_1_35' title='bbox 971 1082 1193 1132; x_wconf 89' lang='lat' dir='ltr'>defuncti</span> <span class='ocrx_word' id='word_1_36' title='bbox 1213 1083 1360 1131; x_wconf 90' lang='lat' dir='ltr'>amici</span> <span class='ocrx_word' id='word_1_37' title='bbox 1381 1083 1461 1131; x_wconf 91' lang='lat' dir='ltr'>sui</span> <span class='ocrx_word' id='word_1_38' title='bbox 1475 1084 1522 1131; x_wconf 87' lang='lat' dir='ltr'>J.</span> <span class='ocrx_word' id='word_1_39' title='bbox 1535 1084 1599 1131; x_wconf 86' lang='lat' dir='ltr'>M.</span> <span class='ocrx_word' id='word_1_40' title='bbox 1617 1082 1811 1133; x_wconf 70' lang='lat' dir='ltr'>OmoNs</span> 
     </span>
     <span class='ocr_line' id='line_1_7' title="bbox 136 1156 1812 1221; baseline 0.002 -17"><span class='ocrx_word' id='word_1_41' title='bbox 136 1157 398 1221; x_wconf 82' lang='lat' dir='ltr'>diligentia</span> <span class='ocrx_word' id='word_1_42' title='bbox 429 1158 720 1221; x_wconf 88' lang='lat' dir='ltr'>congestum</span> <span class='ocrx_word' id='word_1_43' title='bbox 751 1158 1051 1219; x_wconf 85' lang='lat' dir='ltr'>apparatum</span> <span class='ocrx_word' id='word_1_44' title='bbox 1082 1156 1310 1205; x_wconf 88' lang='lat' dir='ltr'>criticum</span> <span class='ocrx_word' id='word_1_45' title='bbox 1333 1157 1622 1206; x_wconf 88' lang='lat' dir='ltr'>Nonianum</span> <span class='ocrx_word' id='word_1_46' title='bbox 1651 1160 1812 1207; x_wconf 88' lang='lat' dir='ltr'>trans-</span> 
     </span>
     <span class='ocr_line' id='line_1_8' title="bbox 133 1230 1808 1293; baseline 0.001 -14"><span class='ocrx_word' id='word_1_47' title='bbox 133 1231 282 1279; x_wconf 91' lang='lat' dir='ltr'>misit.</span> <span class='ocrx_word' id='word_1_48' title='bbox 359 1231 530 1293; x_wconf 88' lang='lat' dir='ltr'>itaque</span> <span class='ocrx_word' id='word_1_49' title='bbox 578 1230 710 1293; x_wconf 87' lang='lat' dir='ltr'>quod</span> <span class='ocrx_word' id='word_1_50' title='bbox 755 1230 980 1279; x_wconf 87' lang='lat' dir='ltr'>codicum</span> <span class='ocrx_word' id='word_1_51' title='bbox 1017 1246 1171 1278; x_wconf 90' lang='lat' dir='ltr'>manu</span> <span class='ocrx_word' id='word_1_52' title='bbox 1210 1231 1509 1293; x_wconf 82' lang='lat' dir='ltr'>scriptorum</span> <span class='ocrx_word' id='word_1_53' title='bbox 1548 1231 1611 1279; x_wconf 93' lang='lat' dir='ltr'>ad</span> <span class='ocrx_word' id='word_1_54' title='bbox 1656 1232 1808 1281; x_wconf 89' lang='lat' dir='ltr'>libros</span> 
     </span>
     <span class='ocr_line' id='line_1_9' title="bbox 132 1302 1808 1368; baseline 0.001 -15"><span class='ocrx_word' id='word_1_55' title='bbox 132 1304 285 1353; x_wconf 88' lang='lat' dir='ltr'>Nonii</span> <span class='ocrx_word' id='word_1_56' title='bbox 315 1304 573 1368; x_wconf 87' lang='lat' dir='ltr'><strong>IV——XX‚</strong></span> <span class='ocrx_word' id='word_1_57' title='bbox 614 1320 741 1366; x_wconf 87' lang='lat' dir='ltr'>quae</span> <span class='ocrx_word' id='word_1_58' title='bbox 780 1321 840 1353; x_wconf 89' lang='lat' dir='ltr'>ne</span> <span class='ocrx_word' id='word_1_59' title='bbox 880 1304 1045 1353; x_wconf 89' lang='lat' dir='ltr'>ederet</span> <span class='ocrx_word' id='word_1_60' title='bbox 1077 1302 1264 1353; x_wconf 89' lang='lat' dir='ltr'>Onions</span> <span class='ocrx_word' id='word_1_61' title='bbox 1296 1304 1480 1353; x_wconf 89' lang='lat' dir='ltr'>Parcae</span> <span class='ocrx_word' id='word_1_62' title='bbox 1511 1321 1666 1353; x_wconf 89' lang='lat' dir='ltr'>manu</span> <span class='ocrx_word' id='word_1_63' title='bbox 1695 1322 1808 1368; x_wconf 90' lang='lat' dir='ltr'>pro·</span> 
     </span>
     <span class='ocr_line' id='line_1_10' title="bbox 132 1378 1810 1442; baseline 0.001 -16"><span class='ocrx_word' id='word_1_64' title='bbox 132 1378 321 1426; x_wconf 85' lang='lat' dir='ltr'>hibitus</span> <span class='ocrx_word' id='word_1_65' title='bbox 346 1380 433 1442; x_wconf 87' lang='lat' dir='ltr'>est,</span> <span class='ocrx_word' id='word_1_66' title='bbox 457 1378 744 1427; x_wconf 89' lang='lat' dir='ltr'>testimonia</span> <span class='ocrx_word' id='word_1_67' title='bbox 761 1378 825 1426; x_wconf 88' lang='lat' dir='ltr'>ad</span> <span class='ocrx_word' id='word_1_68' title='bbox 844 1378 1145 1427; x_wconf 86' lang='lat' dir='ltr'>comicorum</span> <span class='ocrx_word' id='word_1_69' title='bbox 1162 1378 1339 1426; x_wconf 86' lang='lat' dir='ltr'>saltem</span> <span class='ocrx_word' id='word_1_70' title='bbox 1362 1380 1625 1441; x_wconf 87' lang='lat' dir='ltr'>poetarum</span> <span class='ocrx_word' id='word_1_71' title='bbox 1647 1379 1810 1428; x_wconf 86' lang='lat' dir='ltr'>frusta</span> 
     </span>
     <span class='ocr_line' id='line_1_11' title="bbox 132 1451 1811 1516; baseline 0.001 -16"><span class='ocrx_word' id='word_1_72' title='bbox 132 1451 525 1516; x_wconf 87' lang='lat' dir='ltr'>recognoscenda</span> <span class='ocrx_word' id='word_1_73' title='bbox 572 1451 717 1500; x_wconf 90' lang='lat' dir='ltr'>licuit</span> <span class='ocrx_word' id='word_1_74' title='bbox 763 1452 1015 1515; x_wconf 80' lang='lat' dir='ltr'>adhibere⁷</span> <span class='ocrx_word' id='word_1_75' title='bbox 1071 1467 1288 1500; x_wconf 89' lang='lat' dir='ltr'>summas</span> <span class='ocrx_word' id='word_1_76' title='bbox 1333 1452 1555 1501; x_wconf 85' lang='lat' dir='ltr'>virorum</span> <span class='ocrx_word' id='word_1_77' title='bbox 1608 1453 1811 1502; x_wconf 86' lang='lat' dir='ltr'>illorum</span> 
     </span>
     <span class='ocr_line' id='line_1_12' title="bbox 131 1525 1810 1590; baseline 0.001 -17"><span class='ocrx_word' id='word_1_78' title='bbox 131 1525 494 1575; x_wconf 88' lang='lat' dir='ltr'>benivolentiae</span> <span class='ocrx_word' id='word_1_79' title='bbox 538 1525 695 1574; x_wconf 88' lang='lat' dir='ltr'>habeo</span> <span class='ocrx_word' id='word_1_80' title='bbox 743 1527 793 1574; x_wconf 90' lang='lat' dir='ltr'>et</span> <span class='ocrx_word' id='word_1_81' title='bbox 838 1541 932 1589; x_wconf 89' lang='lat' dir='ltr'>ago</span> <span class='ocrx_word' id='word_1_82' title='bbox 979 1525 1183 1590; x_wconf 80' lang='lat' dir='ltr'>gratias,</span> <span class='ocrx_word' id='word_1_83' title='bbox 1260 1528 1310 1574; x_wconf 83' lang='lat' dir='ltr'>et</span> <span class='ocrx_word' id='word_1_84' title='bbox 1353 1526 1590 1589; x_wconf 87' lang='lat' dir='ltr'>quoniam</span> <span class='ocrx_word' id='word_1_85' title='bbox 1626 1527 1719 1575; x_wconf 90' lang='lat' dir='ltr'>hac</span> <span class='ocrx_word' id='word_1_86' title='bbox 1757 1528 1810 1575; x_wconf 88' lang='lat' dir='ltr'>in</span> 
     </span>
     <span class='ocr_line' id='line_1_13' title="bbox 132 1599 1814 1664; baseline 0.002 -18"><span class='ocrx_word' id='word_1_87' title='bbox 132 1601 275 1661; x_wconf 88' lang='lat' dir='ltr'>parte</span> <span class='ocrx_word' id='word_1_88' title='bbox 322 1599 541 1647; x_wconf 90' lang='lat' dir='ltr'>nondum</span> <span class='ocrx_word' id='word_1_89' title='bbox 590 1599 811 1663; x_wconf 86' lang='lat' dir='ltr'>vulgatis</span> <span class='ocrx_word' id='word_1_90' title='bbox 857 1610 978 1648; x_wconf 88' lang='lat' dir='ltr'>usus</span> <span class='ocrx_word' id='word_1_91' title='bbox 1025 1615 1136 1648; x_wconf 89' lang='lat' dir='ltr'>sum</span> <span class='ocrx_word' id='word_1_92' title='bbox 1174 1599 1349 1663; x_wconf 83' lang='lat' dir='ltr'>copiis,</span> <span class='ocrx_word' id='word_1_93' title='bbox 1396 1600 1611 1664; x_wconf 88' lang='lat' dir='ltr'>largiore</span> <span class='ocrx_word' id='word_1_94' title='bbox 1660 1616 1814 1649; x_wconf 89' lang='lat' dir='ltr'>manu</span> 
     </span>
     <span class='ocr_line' id='line_1_14' title="bbox 132 1673 1810 1738; baseline 0.002 -19"><span class='ocrx_word' id='word_1_95' title='bbox 132 1673 373 1721; x_wconf 92' lang='lat' dir='ltr'>librorum</span> <span class='ocrx_word' id='word_1_96' title='bbox 404 1673 674 1734; x_wconf 88' lang='lat' dir='ltr'>scripturas</span> <span class='ocrx_word' id='word_1_97' title='bbox 705 1673 763 1721; x_wconf 90' lang='lat' dir='ltr'>de</span> <span class='ocrx_word' id='word_1_98' title='bbox 795 1673 1015 1722; x_wconf 89' lang='lat' dir='ltr'>nondum</span> <span class='ocrx_word' id='word_1_99' title='bbox 1047 1674 1284 1722; x_wconf 86' lang='lat' dir='ltr'>exhausto</span> <span class='ocrx_word' id='word_1_100' title='bbox 1313 1673 1410 1722; x_wconf 89' lang='lat' dir='ltr'>viri</span> <span class='ocrx_word' id='word_1_101' title='bbox 1440 1674 1810 1738; x_wconf 85' lang='lat' dir='ltr'>diligentissimi</span> 
     </span>
     <span class='ocr_line' id='line_1_15' title="bbox 134 1745 1810 1829; baseline 0.002 -35"><span class='ocrx_word' id='word_1_102' title='bbox 134 1745 369 1795; x_wconf 85' lang='lat' dir='ltr'>thesauro</span> <span class='ocrx_word' id='word_1_103' title='bbox 395 1746 677 1829; x_wconf 82' lang='lat' dir='ltr'>deprompsi</span> <span class='ocrx_word' id='word_1_104' title='bbox 704 1761 856 1809; x_wconf 87' lang='lat' dir='ltr'>quam</span> <span class='ocrx_word' id='word_1_105' title='bbox 887 1763 945 1795; x_wconf 87' lang='lat' dir='ltr'>ex</span> <span class='ocrx_word' id='word_1_106' title='bbox 976 1747 1186 1809; x_wconf 90' lang='lat' dir='ltr'>inpressi</span> <span class='ocrx_word' id='word_1_107' title='bbox 1215 1747 1483 1796; x_wconf 77' lang='lat' dir='ltr'>voluminis</span> <span class='ocrx_word' id='word_1_108' title='bbox 1515 1764 1649 1810; x_wconf 89' lang='lat' dir='ltr'>penu</span> <span class='ocrx_word' id='word_1_109' title='bbox 1681 1764 1810 1797; x_wconf 90' lang='lat' dir='ltr'>com-</span> 
     </span>
     <span class='ocr_line' id='line_1_16' title="bbox 135 1819 1810 1905; baseline 0.001 -37"><span class='ocrx_word' id='word_1_110' title='bbox 135 1819 277 1868; x_wconf 91' lang='lat' dir='ltr'>muni</span> <span class='ocrx_word' id='word_1_111' title='bbox 303 1819 420 1867; x_wconf 91' lang='lat' dir='ltr'>usui</span> <span class='ocrx_word' id='word_1_112' title='bbox 450 1819 654 1868; x_wconf 91' lang='lat' dir='ltr'>iamiam</span> <span class='ocrx_word' id='word_1_113' title='bbox 678 1819 914 1882; x_wconf 83' lang='lat' dir='ltr'>exposito.</span> <span class='ocrx_word' id='word_1_114' title='bbox 971 1836 1088 1868; x_wconf 90' lang='lat' dir='ltr'>nam</span> <span class='ocrx_word' id='word_1_115' title='bbox 1116 1821 1316 1883; x_wconf 83' lang='lat' dir='ltr'>plenam</span> <span class='ocrx_word' id='word_1_116' title='bbox 1339 1821 1610 1870; x_wconf 84' lang='lat' dir='ltr'>lectionum</span> <span class='ocrx_word' id='word_1_117' title='bbox 1634 1838 1810 1905; x_wconf 80' lang='lat' dir='ltr'>conge-</span> 
     </span>
     <span class='ocr_line' id='line_1_17' title="bbox 133 1893 1813 1960; baseline 0.002 -19"><span class='ocrx_word' id='word_1_118' title='bbox 133 1893 258 1941; x_wconf 90' lang='lat' dir='ltr'>riem</span> <span class='ocrx_word' id='word_1_119' title='bbox 281 1893 415 1941; x_wconf 89' lang='lat' dir='ltr'>intra</span> <span class='ocrx_word' id='word_1_120' title='bbox 437 1893 587 1941; x_wconf 90' lang='lat' dir='ltr'>huius</span> <span class='ocrx_word' id='word_1_121' title='bbox 606 1893 840 1943; x_wconf 82' lang='lat' dir='ltr'>breviarii</span> <span class='ocrx_word' id='word_1_122' title='bbox 859 1894 1117 1958; x_wconf 89' lang='lat' dir='ltr'>angustias</span> <span class='ocrx_word' id='word_1_123' title='bbox 1142 1910 1430 1943; x_wconf 87' lang='lat' dir='ltr'>coacervare</span> <span class='ocrx_word' id='word_1_124' title='bbox 1452 1911 1552 1943; x_wconf 89' lang='lat' dir='ltr'>non</span> <span class='ocrx_word' id='word_1_125' title='bbox 1573 1896 1736 1960; x_wconf 88' lang='lat' dir='ltr'>magis</span> <span class='ocrx_word' id='word_1_126' title='bbox 1760 1896 1813 1944; x_wconf 87' lang='lat' dir='ltr'>in</span> 
     </span>
     <span class='ocr_line' id='line_1_18' title="bbox 137 1967 1810 2034; baseline 0.002 -20"><span class='ocrx_word' id='word_1_127' title='bbox 137 1967 321 2015; x_wconf 89' lang='lat' dir='ltr'>animo</span> <span class='ocrx_word' id='word_1_128' title='bbox 335 1969 442 2015; x_wconf 90' lang='lat' dir='ltr'>erat</span> <span class='ocrx_word' id='word_1_129' title='bbox 474 1983 625 2029; x_wconf 90' lang='lat' dir='ltr'>quam</span> <span class='ocrx_word' id='word_1_130' title='bbox 662 1969 806 2016; x_wconf 85' lang='lat' dir='ltr'>vetus</span> <span class='ocrx_word' id='word_1_131' title='bbox 844 1967 1166 2030; x_wconf 88' lang='lat' dir='ltr'>proecdoseos</span> <span class='ocrx_word' id='word_1_132' title='bbox 1195 1967 1429 2017; x_wconf 87' lang='lat' dir='ltr'>horreum</span> <span class='ocrx_word' id='word_1_133' title='bbox 1459 1968 1810 2034; x_wconf 83' lang='lat' dir='ltr'>redintegrare.</span> 
     </span>
    </p>

    <p class='ocr_par' dir='ltr' id='par_1_3' title="bbox 136 2040 1812 2325">
     <span class='ocr_line' id='line_1_19' title="bbox 245 2040 1811 2105; baseline 0.002 -17"><span class='ocrx_word' id='word_1_134' title='bbox 245 2041 423 2103; x_wconf 88' lang='lat' dir='ltr'>Itaque</span> <span class='ocrx_word' id='word_1_135' title='bbox 482 2040 639 2105; x_wconf 90' lang='lat' dir='ltr'>sigla</span> <span class='ocrx_word' id='word_1_136' title='bbox 698 2041 967 2090; x_wconf 86' lang='lat' dir='ltr'>codicum</span> <span class='ocrx_word' id='word_1_137' title='bbox 1019 2042 1431 2090; x_wconf 89' lang='lat' dir='ltr'>Nonianorum</span> <span class='ocrx_word' id='word_1_138' title='bbox 1485 2042 1657 2091; x_wconf 91' lang='lat' dir='ltr'>eadem</span> <span class='ocrx_word' id='word_1_139' title='bbox 1709 2044 1811 2092; x_wconf 88' lang='lat' dir='ltr'>fere</span> 
     </span>
     <span class='ocr_line' id='line_1_20' title="bbox 138 2113 1812 2179; baseline 0.001 -17"><span class='ocrx_word' id='word_1_140' title='bbox 138 2114 319 2177; x_wconf 89' lang='lat' dir='ltr'>quibus</span> <span class='ocrx_word' id='word_1_141' title='bbox 359 2113 545 2163; x_wconf 90' lang='lat' dir='ltr'>Onions</span> <span class='ocrx_word' id='word_1_142' title='bbox 583 2130 705 2163; x_wconf 92' lang='lat' dir='ltr'>usus</span> <span class='ocrx_word' id='word_1_143' title='bbox 744 2117 819 2163; x_wconf 92' lang='lat' dir='ltr'>est</span> <span class='ocrx_word' id='word_1_144' title='bbox 863 2115 1174 2177; x_wconf 86' lang='lat' dir='ltr'>frequentius</span> <span class='ocrx_word' id='word_1_145' title='bbox 1213 2115 1266 2162; x_wconf 87' lang='lat' dir='ltr'>in</span> <span class='ocrx_word' id='word_1_146' title='bbox 1303 2116 1395 2164; x_wconf 89' lang='lat' dir='ltr'>hoc</span> <span class='ocrx_word' id='word_1_147' title='bbox 1433 2116 1686 2164; x_wconf 86' lang='lat' dir='ltr'>volumine</span> <span class='ocrx_word' id='word_1_148' title='bbox 1727 2133 1812 2179; x_wconf 88' lang='lat' dir='ltr'>ap-</span> 
     </span>
     <span class='ocr_line' id='line_1_21' title="bbox 136 2188 1811 2252; baseline 0.002 -17"><span class='ocrx_word' id='word_1_149' title='bbox 136 2190 315 2250; x_wconf 85' lang='lat' dir='ltr'>parent</span> <span class='ocrx_word' id='word_1_150' title='bbox 346 2203 498 2251; x_wconf 90' lang='lat' dir='ltr'>quam</span> <span class='ocrx_word' id='word_1_151' title='bbox 534 2188 586 2236; x_wconf 90' lang='lat' dir='ltr'>in</span> <span class='ocrx_word' id='word_1_152' title='bbox 624 2189 801 2251; x_wconf 89' lang='lat' dir='ltr'>priore.</span> <span class='ocrx_word' id='word_1_153' title='bbox 865 2205 1075 2251; x_wconf 90' lang='lat' dir='ltr'>quorum</span> <span class='ocrx_word' id='word_1_154' title='bbox 1114 2188 1326 2238; x_wconf 86' lang='lat' dir='ltr'>indicem</span> <span class='ocrx_word' id='word_1_155' title='bbox 1357 2205 1417 2237; x_wconf 90' lang='lat' dir='ltr'>ne</span> <span class='ocrx_word' id='word_1_156' title='bbox 1451 2189 1562 2251; x_wconf 89' lang='lat' dir='ltr'>quis</span> <span class='ocrx_word' id='word_1_157' title='bbox 1596 2191 1811 2252; x_wconf 89' lang='lat' dir='ltr'>amplius</span> 
     </span>
     <span class='ocr_line' id='line_1_22' title="bbox 139 2261 1548 2325; baseline 0.002 -17"><span class='ocrx_word' id='word_1_158' title='bbox 139 2261 381 2310; x_wconf 84' lang='lat' dir='ltr'>desideret</span> <span class='ocrx_word' id='word_1_159' title='bbox 418 2262 498 2310; x_wconf 81' lang='lat' dir='ltr'>hic</span> <span class='ocrx_word' id='word_1_160' title='bbox 536 2278 776 2325; x_wconf 84' lang='lat' dir='ltr'>exponere</span> <span class='ocrx_word' id='word_1_161' title='bbox 816 2263 967 2311; x_wconf 85' lang='lat' dir='ltr'>volui.</span> <span class='ocrx_word' id='word_1_162' title='bbox 1042 2264 1160 2310; x_wconf 85' lang='lat' dir='ltr'>sunt</span> <span class='ocrx_word' id='word_1_163' title='bbox 1199 2263 1368 2310; x_wconf 88' lang='lat' dir='ltr'>autem</span> <span class='ocrx_word' id='word_1_164' title='bbox 1406 2262 1548 2311; x_wconf 84' lang='lat' dir='ltr'>haec:</span> 
     </span>
    </p>

    <p class='ocr_par' dir='ltr' id='par_1_4' title="bbox 637 2334 1292 2606">
     <span class='ocr_line' id='line_1_23' title="bbox 671 2334 1276 2385; baseline 0 -2"><span class='ocrx_word' id='word_1_165' title='bbox 671 2334 722 2383; x_wconf 89' lang='lat' dir='ltr'><strong><em>A</em></strong></span> <span class='ocrx_word' id='word_1_166' title='bbox 753 2358 822 2374; x_wconf 88' lang='lat'><strong><em>=</em></strong></span> <span class='ocrx_word' id='word_1_167' title='bbox 854 2336 1116 2385; x_wconf 86' lang='lat' dir='ltr'>Beruensis</span> <span class='ocrx_word' id='word_1_168' title='bbox 1149 2336 1276 2384; x_wconf 89' lang='lat' dir='ltr'>alter</span> 
     </span>
     <span class='ocr_line' id='line_1_24' title="bbox 670 2409 1292 2471; baseline -0.002 -14"><span class='ocrx_word' id='word_1_169' title='bbox 670 2409 721 2457; x_wconf 90' lang='lat' dir='ltr'><em>B</em></span> <span class='ocrx_word' id='word_1_170' title='bbox 753 2431 823 2448; x_wconf 86' lang='lat'><strong><em>=</em></strong></span> <span class='ocrx_word' id='word_1_171' title='bbox 856 2410 1118 2458; x_wconf 89' lang='lat' dir='ltr'>Bernensis</span> <span class='ocrx_word' id='word_1_172' title='bbox 1156 2410 1292 2471; x_wconf 86' lang='lat' dir='ltr'>prior</span> 
     </span>
     <span class='ocr_line' id='line_1_25' title="bbox 637 2482 1232 2547; baseline 0 -16"><span class='ocrx_word' id='word_1_173' title='bbox 637 2483 722 2531; x_wconf 82' lang='lat' dir='ltr'>Ba</span> <span class='ocrx_word' id='word_1_174' title='bbox 755 2505 823 2521; x_wconf 89' lang='lat'><strong><em>=</em></strong></span> <span class='ocrx_word' id='word_1_175' title='bbox 857 2482 1232 2547; x_wconf 89' lang='lat' dir='ltr'>Bambergensis</span> 
     </span>
     <span class='ocr_line' id='line_1_26' title="bbox 684 2555 1171 2606; baseline -0.002 -1"><span class='ocrx_word' id='word_1_176' title='bbox 684 2555 726 2605; x_wconf 82' lang='lat'><em>0</em></span> <span class='ocrx_word' id='word_1_177' title='bbox 755 2579 823 2595; x_wconf 89' lang='lat'>=</span> <span class='ocrx_word' id='word_1_178' title='bbox 859 2556 1171 2606; x_wconf 84' lang='lat' dir='ltr'>Colbertinus</span> 
     </span>
    </p>

    <p class='ocr_par' dir='ltr' id='par_1_5' title="bbox 670 2630 1111 2679">
     <span class='ocr_line' id='line_1_27' title="bbox 670 2630 1111 2679; baseline 0 -1"><span class='ocrx_word' id='word_1_179' title='bbox 670 2631 722 2678; x_wconf 92' lang='lat' dir='ltr'><em>D</em></span> <span class='ocrx_word' id='word_1_180' title='bbox 754 2653 823 2668; x_wconf 93' lang='lat'>=</span> <span class='ocrx_word' id='word_1_181' title='bbox 856 2630 1111 2679; x_wconf 88' lang='lat' dir='ltr'>Parisinus</span> 
     </span>
    </p>

    <p class='ocr_par' dir='ltr' id='par_1_6' title="bbox 669 2704 1212 2826">
     <span class='ocr_line' id='line_1_28' title="bbox 669 2704 1212 2752; baseline 0.002 -1"><span class='ocrx_word' id='word_1_182' title='bbox 669 2704 723 2751; x_wconf 88' lang='grc' dir='ltr'><em>Ε</em></span> <span class='ocrx_word' id='word_1_183' title='bbox 752 2726 820 2742; x_wconf 93' lang='lat'><strong><em>=</em></strong></span> <span class='ocrx_word' id='word_1_184' title='bbox 853 2704 1212 2752; x_wconf 85' lang='lat' dir='ltr'>Escurialensis</span> 
     </span>
     <span class='ocr_line' id='line_1_29' title="bbox 670 2777 1168 2826; baseline 0 -2"><span class='ocrx_word' id='word_1_185' title='bbox 670 2777 724 2824; x_wconf 84' lang='lat' dir='ltr'><em>F</em></span> <span class='ocrx_word' id='word_1_186' title='bbox 750 2799 819 2815; x_wconf 90' lang='lat'>=</span> <span class='ocrx_word' id='word_1_187' title='bbox 851 2777 1168 2826; x_wconf 88' lang='lat' dir='ltr'>Florentinus</span> 
     </span>
    </p>

    <p class='ocr_par' dir='ltr' id='par_1_7' title="bbox 675 2850 1153 2900">
     <span class='ocr_line' id='line_1_30' title="bbox 675 2850 1153 2900; baseline -0.004 -1"><span class='ocrx_word' id='word_1_188' title='bbox 675 2850 721 2899; x_wconf 77' lang='lat' dir='ltr'><em>G</em></span> <span class='ocrx_word' id='word_1_189' title='bbox 753 2873 821 2890; x_wconf 88' lang='lat'><strong><em>=</em></strong></span> <span class='ocrx_word' id='word_1_190' title='bbox 857 2850 1153 2900; x_wconf 85' lang='lat' dir='ltr'>Genevensis</span> 
     </span>
    </p>
   </div>
  </div>
 </body>
</html>
