2060 3140
0 1291 47 1379 11

7 2468 15 2541 ι

564 125 614 170 L.
648 123 965 170 POMPONIV
967 125 997 169 S
1027 124 1430 170 BONONIENSIS
1597 83 1599 85 Ι
1727 124 1835 178 299

276 257 456 302 Νο111118
489 262 587 315 146,
620 262 676 302 22
710 257 1090 314 ‘oquiniscere
1123 260 1194 302 est
1222 258 1406 315 proprie
1437 258 1686 304 inclinari.’

280 351 302 389 1
337 349 388 390 at
419 347 615 391 Bothius
702 345 921 403 pedicaui
951 363 1007 391 m:
1039 347 1095 402 ef.
1122 346 1226 391 Bue
1255 361 1366 392 mus.
1394 347 1536 392 Rhen.
1565 352 1634 404 18,
1660 352 1745 392 386

159 411 184 449 2
216 405 362 462 ipsius
393 406 458 450 W
569 404 785 461 ultroque
816 405 1026 450 EF¹H¹

968 575 1020 622 Π

158 657 222 712 Si
254 657 479 723 ualebit‚
523 658 644 727 pisss
682 659 740 710 in
777 658 998 711 buccam
1037 658 1203 712 betet:
1246 659 1322 712 sic
1361 653 1508 713 dim'n
1547 659 1795 713 schema?
1836 678 1922 719 150

274 759 454 803 Nonius
495 764 602 815 224,
635 763 690 803 33
734 759 976 803 ‘schema
1020 759 1244 804 feminino
1282 774 1451 817 genere
1491 760 1584 805 dici
1622 763 1834 805 ueterum

155 821 352 875 usurpat
383 817 637 863 auctoritas
672 854 680 862 .
709 854 718 863 .
746 854 755 863 .
787 818 1067 875 Pomponius
1101 819 1388 865 Prostibulo:
1422 819 1487 863 si'
1515 834 1552 865 e.
1579 834 1622 875 q.
1649 835 1682 865 8.

274 906 455 950 ualebit
499 906 604 963 plus
644 923 678 950 ω
725 906 906 950 ualebit
945 906 1071 964 puls,
1113 908 1370 952 Palmerius
1547 908 1678 951 betet
1715 909 1834 953 idem

157 968 287 1010 uetet
318 983 352 1009 ω
391 967 545 1009 uertet
577 965 820 1010 Fruterius
968 965 1034 1009 sic
1070 965 1229 1011 dixin?
1260 968 1424 1023 scripsi
1461 966 1501 1010 si
1536 966 1662 1010 dicin
1692 984 1726 1010 ω
1766 965 1833 1010 sic

155 1024 295 1068 dicin’
329 1025 413 1081 (vel
443 1023 613 1081 dicam)
644 1025 840 1069 Bothius
871 1023 1069 1068 siticinis
1106 1025 1279 1069 Onio‘ns
1390 1025 1430 1068 si
1461 1040 1504 1071 11.
1537 1025 1688 1082 pulsu,
1720 1025 1833 1069 buc-

156 1098 259 1128 cam
303 1083 458 1140 pultet
502 1082 702 1127 fidicinis
747 1098 782 1128 s,
820 1084 924 1128 Rue
961 1085 1035 1141 (cf.
1077 1098 1184 1128 ann.
1212 1085 1388 1141 philoll.
1424 1088 1536 1128 1872
1577 1099 1627 1141 p.
1662 1089 1746 1128 566
1793 1089 1834 1129 et

154 1143 305 1188 coroll.
338 1142 541 1199 LXXXI)

952 1267 1029 1315 III

152 1350 287 1423 'Ego
320 1351 462 1420 quod
494 1351 754 1403 comedim
787 1352 998 1421 quaero,
1036 1351 1121 1403 his
1153 1355 1414 1420 quaerunt
1446 1352 1588 1421 quod
1626 1355 1831 1405 cacent:

1211 1441 1603 1493 contrariumst.

269 1540 448 1585 Nonius
482 1545 558 1597 84,
587 1546 609 1584 1
654 1540 944 1585 ‘comedim
980 1555 1064 1597 pro
1104 1541 1344 1585 comedam
1386 1578 1430 1586 ..
1459 1578 1469 1586 .
1496 1578 1504 1586 .
1545 1541 1829 1598 Pomponius

151 1600 438 1645 Prostibulo:
472 1600 576 1656 ego’
603 1613 641 1644 e.
667 1614 710 1655 q.
737 1614 770 1644 8.

271 1702 357 1745 ego
389 1688 514 1744 quod
545 1687 774 1732 comedim
804 1701 977 1744 quaero
1007 1690 1171 1746 scripsi
1209 1703 1295 1747 ego
1335 1702 1508 1745 quaero
1549 1689 1674 1744 quod
1705 1688 1831 1733 edim

152 1766 202 1805 co,
226 1749 389 1804 quibus
411 1748 598 1793 servatis
620 1749 727 1791 olim
749 1749 884 1792 initio
907 1763 946 1792 v.
970 1762 1081 1791 nam
1103 1749 1306 1804 suppleri
1327 1750 1539 1804 volebam,
1566 1749 1643 1793 sed
1671 1749 1831 1792 lemma

152 1806 382 1852 comedim
419 1813 530 1851 recte
569 1807 746 1851 videtwr
774 1808 1020 1851 restituisse
1051 1807 1297 1863 Munkius,
1338 1822 1609 1864 quamquam
1646 1808 1831 1862 defendi

146 1880 278 1925 posse
316 1867 535 1911 librorum
564 1867 821 1910 memoriam
851 1867 999 1910 coroll
1031 1866 1217 1910 LXXXI
1238 1881 1300 1924 sq.
1333 1867 1635 1911 demonstravi
1753 1864 1828 1909 1118

153 1927 200 1983 (i.
226 1940 260 1970 e.
285 1924 353 1981 hi)
383 1926 548 1982 scripsi
577 1926 650 1982 (ef.
683 1939 722 1969 v.
750 1927 852 1982 141)
883 1925 968 1968 has
999 1942 1035 1968 ω
1073 1924 1124 1968 111
1156 1925 1195 1968 81
1225 1926 1327 1970 Bue
1365 1924 1520 1969 heisce
1549 1940 1583 1970 ω
1702 1925 1829 1980 quod

208 1986 275 2030 d..·
306 1986 362 2039 cf.
392 1986 508 2030 Nov.
536 1989 561 2028 6
594 1998 707 2040 quos
740 2001 775 2027 ω
895 1983 1177 2028 contrarium
1208 1986 1280 2028 est
1310 1985 1538 2029 Munkius
1568 1983 1828 2029 contrarius

151 2047 224 2089 est
255 2061 290 2087 ω

953 2169 1026 2216 IV

153 2251 288 2324 'Ego
313 2270 581 2305 rumorem
604 2252 760 2320 parui
783 2252 936 2323 facio,
968 2252 1094 2305 dum
1124 2253 1195 2305 sit
1223 2271 1412 2305 rumen
1439 2253 1531 2322 qui
1561 2252 1828 2322 impleam.

272 2352 452 2397 Nonius
486 2357 554 2409 18,
585 2357 638 2397 15
673 2353 890 2397 ‘rumen
921 2353 1093 2397 dicitur
1122 2352 1251 2396 locus
1282 2352 1333 2395 in
1363 2355 1539 2409 uentre,
1571 2367 1663 2409 quo
1695 2353 1829 2397 cibus

154 2412 353 2456 sumitur
384 2414 431 2456 et
461 2411 584 2456 unde
614 2412 844 2469 redditur;
877 2412 999 2456 unde
1031 2414 1079 2456 et
1107 2411 1341 2456 ruminare
1373 2411 1575 2457 dicitur.’

969 2596 1015 2642 V

160 2681 425 2734 Continuo
459 2680 525 2733 ad
562 2683 614 2733 te
654 2679 992 2732 centuriatim
1024 2682 1236 2732 current
1275 2680 1367 2749 qui
1403 2681 1595 2749 panem
1631 2682 1830 2749 petent.

275 2781 455 2827 Nonius
490 2785 558 2837 18,
592 2785 646 2824 12
689 2779 1080 2824 ‘centuriatim
1125 2780 1302 2824 dictum
1341 2782 1412 2824 est
1450 2780 1745 2825 abundanter
1782 2783 1832 2826 et

158 2841 365 2899 copiose:
404 2855 431 2884 a
462 2839 695 2897 centuriis,
728 2853 848 2895 quae
880 2839 1152 2896 suffragium
1180 2839 1231 2883 in
1262 2839 1463 2884 comitiis
1493 2839 1738 2885 ferebant?

274 2932 442 2987 petunt
473 2930 629 2974 Vrbin.
654 2933 738 2973 307
