2060 3140
31 2967 42 2991 ’ὶ

547 140 596 185 L.
628 138 976 184 POMPONIVS
1007 139 1412 185 BONONlENSIS
1711 140 1822 193 303

911 294 1061 342 SYRI

267 391 354 435 Vel
389 405 624 435 servorum
654 404 800 447 genus
832 389 1110 434 vilissimum
1139 391 1215 434 vel
1246 404 1410 448 scopas
1440 390 1655 448 intellegi
1684 404 1821 447 posse

146 450 329 494 monuit
352 450 571 493 Munkius
601 449 772 493 collato
795 448 948 493 Nonio
972 464 1016 506 p.
1033 454 1105 505 46,
1131 455 1179 494 4:
1215 451 1392 506 ‘syrus
1418 463 1445 493 a
1469 450 1645 494 Graeco
1668 449 1821 506 magis

146 511 351 553 tractum
380 511 451 553 est
482 509 575 553 ἀπὸ
606 515 689 553 τοῦ
722 508 889 564 σύρειν.
944 508 1030 551 has
1052 522 1137 552 nos
1163 523 1339 565 scopas,
1370 508 1533 552 rustici
1556 522 1611 552 eo
1634 509 1823 553 nomine

147 569 295 625 syrus’
330 570 409 625 (sc.
438 568 620 624 σύρους)
655 568 856 612 ‘uocant
911 567 1058 611 Varro
1085 567 1362 624 Marcipore’
1387 567 1441 612 fr.
1468 573 1551 611 271
1576 568 1628 612 B.
1685 568 1822 624 Syros

147 627 263 671 duos
297 626 581 684 expilaturos
612 625 868 670 triclinium
897 626 1157 670 introduxit
1187 626 1429 671 Petronius
1465 629 1551 671 sat.
1583 632 1651 672 22.

970 767 995 813 Ι
1475 802 1477 804 .

146 838 319 919 <'I‘s>¹
354 850 567 919 quidem
629 850 769 919 apud
829 850 1006 902 forum
1066 853 1342 918 praesente
1402 849 1631 901 testibus
1690 848 1824 900 mihi

1088 1006 1092 1010 v
1379 936 1633 989 uendidit.

267 1038 446 1082 Nonius
487 1043 593 1094 154,
634 1044 687 1082 16
745 1039 1093 1095 ‘praesente,
1149 1051 1305 1081 coram
1357 1037 1434 1081 uel
1485 1038 1823 1094 praesentibus.

146 1097 431 1154 Pomponius
463 1096 608 1154 Syris:
643 1097 849 1153 quidem'
877 1110 914 1141 e.
940 1111 983 1152 q.
1010 1111 1043 1142 s,

267 1186 307 1230 is
339 1187 455 1242 Bue,
487 1201 570 1231 om.
596 1204 646 1243 ω,
677 1187 888 1231 haustum
919 1188 1052 1231 titulo
1180 1185 1371 1242 quidam
1401 1187 1573 1230 anius
1699 1185 1825 1242 apud

150 1245 301 1289 forum
330 1247 461 1290 semel
490 1248 541 1289 in
572 1247 736 1291 Plauti
766 1246 907 1302 Epid.
933 1250 1040 1302 422,
1073 1247 1149 1290 sed
1179 1247 1235 1301 cf.
1264 1246 1358 1290 Leo
1381 1245 1454 1289 Pl.
1482 1246 1538 1289 F.
1563 1250 1647 1289 227

958 1385 1009 1432 Π

150 1469 435 1540 Βάραίῑίυω
472 1469 681 1522 nullum
719 1469 991 1539 utebatur,
1028 1469 1236 1521 lzirdum
1274 1468 1556 1521 lurchabzit
1592 1469 1794 1521 lubens.

267 1570 447 1614 Nonius
485 1575 554 1627 11,
587 1576 612 1614 3
657 1571 944 1615 ‘lurcones
984 1570 1310 1627 (lurchones
1341 1569 1456 1626 Ba2)
1495 1568 1610 1612 dicti
1650 1571 1758 1612 sunt
1798 1582 1827 1611 a

149 1629 428 1675 lurchandoz
460 1630 674 1674 lurchare
706 1632 777 1674 est
800 1645 905 1674 cum
932 1629 1159 1673 auiditate
1191 1628 1348 1672 cibum
1378 1641 1557 1672 sumere
1591 1665 1598 1672 .
1620 1664 1657 1672 ..
1689 1628 1823 1671 Pom-

148 1688 317 1756 ponius
355 1688 502 1745 Syris:
541 1688 788 1746 lapatium’
823 1702 860 1734 e.
888 1703 930 1744 q.
958 1703 992 1732 s.
1057 1687 1262 1732 Omissus
1299 1686 1376 1731 hic
1413 1687 1542 1731 locus
1581 1686 1630 1730 in
1660 1685 1822 1730 Bamb.
1895 1721 1897 1723 .

266 1777 423 1820 nullus
458 1777 700 1823 Fraterius
818 1778 897 1819 ute
930 1777 975 1820 P
1088 1775 1339 1819 lurchabar
1370 1776 1426 1819 H
1427 1776 1442 1800 ¹

582 1944 802 1994 VACCA
839 1946 918 1994 vel
956 1943 1388 1993 MARSVPPIVM

270 2042 335 2088 Cf.
367 2042 651 2087 Ritschelius
683 2043 868 2098 Parerg.
892 2041 914 2084 I
945 2046 1044 2086 156.
1080 2045 1178 2086 168.

154 2191 164 2200 .
198 2191 209 2201 .
242 2149 402 2201 simul
432 2149 574 2201 intr6
606 2149 745 2218 ueni,
780 2147 973 2199 accessi
1004 2146 1070 2198 eid
1099 2149 1321 2216 patrem,
1350 2145 1544 2215 prendi
1569 2163 1808 2197 manum:
1827 2156 1914 2196 170

149 2235 230 2289 'In
266 2240 485 2308 terram,
530 2239 592 2288 ut
630 2235 881 2305 cubabat,
925 2234 1120 2286 nudam
1161 2234 1227 2285 aid
1269 2252 1389 2286 eum
1427 2237 1488 2286 ut
1527 2233 1809 2303 conquexi,

1384 2321 1600 2374 interim

151 2398 404 2452 Mulieres
442 2398 789 2468 conspiciunt.

269 2499 534 2544 Priscianus
564 2515 608 2556 p.
635 2503 720 2543 885
751 2499 801 2543 P.
838 2499 982 2542 ‘teste
1014 2496 1162 2554 Capro
1194 2495 1492 2553 conquinisce
1532 2495 1824 2551 conquexi.

151 2561 223 2602 est
254 2561 412 2603 autem
442 2558 740 2614 conquinisco
773 2559 914 2614 caput
943 2555 1129 2600 inclino.
1187 2555 1467 2612 Pomponius
1497 2554 1547 2597 111
1570 2554 1726 2598 Vacca
1748 2554 1826 2598 uel

151 2617 421 2675 Marsuppio
453 2617 542 2662 ait:
583 2617 745 2661 simul'
781 2630 818 2660 e.
845 2631 888 2672 q.
915 2631 949 2660 s.
990 2615 1224 2672 (bacche.
1254 2614 1438 2670 Bamb.,
1478 2613 1602 2669 quod
1630 2626 1726 2658 non
1754 2626 1825 2656 re-

150 2676 368 2733 pudiavit
397 2676 623 2720 Hertzius.
657 2676 831 2719 bacca
862 2674 985 2731 Lips.
1013 2676 1055 2732 1)

271 2771 294 2809 1
313 2779 403 2822 sqq.
428 2778 635 2808 numeros
650 2764 882 2820 perspeoeit
906 2762 1107 2819 Scaliyer
1205 2766 1228 2804 1
1255 2760 1391 2804 simul
1421 2761 1471 2804 in
1494 2763 1692 2816 utroquo
1717 2759 1827 2804 ueni

153 2823 291 2882 Sany.
385 2824 496 2868 Vide
524 2837 635 2867 num
664 2823 831 2880 inteyri
860 2835 1012 2866 versus
1042 2821 1130 2866 tale
1160 2821 1252 2875 fere
1280 2821 1421 2876 fuerit
1451 2821 1655 2864 initium:
1688 2818 1826 2862 simul

150 2882 275 2927 intro
307 2897 447 2938 quom
484 2881 613 2938 ueni,
653 2881 722 2924 ibi
752 2880 927 2924 accessi
958 2895 991 2924 e.
1016 2895 1055 2937 q.
1080 2895 1114 2924 s.
1235 2880 1314 2924 An
1350 2878 1524 2923 manu?
1643 2883 1669 2921 2
1699 2879 1826 2921 terra
1851 2928 1854 2931 ,

156 2942 347 2986 Carolir.
489 2941 617 2984 nuda
647 2941 809 2985 Bamb.
837 2940 974 2984 Halb.
1002 2939 1137 2996 San-9.
1169 2938 1297 2984 Grut.
1325 2938 1514 2983 Carolir.
1652 2937 1827 2981 Hiatus
