2060 3140
248 119 320 172 32
325 119 356 171 8
974 116 1200 161 NOVIVS

999 269 1178 319 ZONA
1260 334 1264 337 ,

1079 374 1105 420 Ι

246 459 433 530 'Atqui
471 459 806 528 facilitatem,
844 457 1024 528 uideO,
1062 457 1263 527 <haut>
1301 457 1468 510 literis
1505 457 1820 526 uulgariam.

365 560 545 604 Nonius
585 563 685 614 481,
720 563 772 602 21
820 557 1180 602 ‘libertatem
1221 557 1308 601 uti
1349 572 1433 615 pro
1472 557 1544 601 uti
1585 557 1804 601 libertate

247 619 427 664 Nouius
460 619 608 663 Zona:
650 618 807 673 atque'
843 630 881 661 e.
907 631 949 672 q.
977 632 1010 661 S.
1071 617 1201 661 Idem
1234 622 1336 672 488,
1370 622 1424 661 25
1468 616 1808 673 ‘uulgariam
1845 630 1931 673 pro

248 679 503 736 uulgarem.
565 676 747 721 Nouius
779 676 926 721 Zona:
964 677 1123 732 atque’
1151 690 1188 721 e.
1215 691 1258 732 q.
1285 691 1319 720 s,
1353 679 1511 733 (zona
1533 676 1617 719 W1
1648 689 1782 719 zeno
1815 679 1869 732 φ)

369 766 499 823 atqui
533 767 618 823 (vel
646 764 823 822 atquei)
855 766 1018 821 scripsi
1048 764 1205 820 aquile
1238 765 1302 808 W
1316 779 1368 831 p..
1394 769 1480 808 488
1515 777 1663 820 aquae
1695 764 1773 808 Βα
1784 763 1822 808 0
1829 764 1884 807 H
1888 764 1933 807 L

242 841 291 884 p.
316 831 403 871 488
445 828 585 881 atque
618 843 652 869 ω
678 840 726 882 p.
754 829 853 880 481,
887 825 934 868 P
954 839 1002 880 10·
1028 828 1114 868 488
1234 823 1466 867 fa01l1tate
1499 824 1545 867 P
1568 838 1613 880 p.
1638 827 1724 867 488
1812 841 1823 847 -

1069 978 1121 1025 II

1211 1047 1413 1100 duriter
1450 1066 1536 1099 me
1573 1047 1792 1116 habere,

163 1136 249 1175 100
264 1122 531 1193 Vigilasse

367 1222 548 1266 Nonius
581 1226 688 1278 512,
722 1227 748 1264 3
783 1220 1025 1265 ‘duriter
1061 1235 1144 1278 pro
1178 1221 1291 1265 dure
1328 1257 1337 1265 .
1366 1258 1374 1265 .
1404 1259 1412 1266 .
1448 1221 1629 1265 Nouius
1661 1222 1809 1267 Zona:
1851 1222 1936 1265 du-

249 1282 380 1326 riter'
409 1295 446 1326 e.
473 1297 516 1337 q.
544 1296 577 1325 s.
596 1283 764 1338 (tona
796 1281 850 1338 P)

716 1465 805 1511 EX
843 1464 1152 1512 INGERTIS
1191 1464 1474 1513 FABVLIS

370 1561 442 1607 Fr.
467 1562 488 1604 Ι
525 1561 795 1618 Dotatae,
834 1561 877 1605 H
914 1561 1148 1605 Herculi
1189 1560 1455 1606 Coactori
1492 1561 1691 1606 restitui.

1057 1716 1134 1763 III

166 1814 251 1853 104
269 1843 280 1853 .
357 1800 487 1853 olim
527 1801 804 1868 expectata
841 1800 1066 1852 ueniunt
1104 1801 1308 1869 septem
1353 1799 1671 1853 Saturnalia.

370 1900 636 1945 Macrobius
666 1901 760 1945 Sat.
785 1901 807 1944 I
840 1906 908 1957 10,
935 1906 961 1944 3
997 1900 1126 1945 ‘licet
1157 1903 1205 1945 et
1236 1901 1363 1957 apud
1393 1902 1574 1944 ueteres
1607 1899 1765 1957 opinio
1796 1899 1941 1943 fuerit

254 1962 434 2017 septem
464 1959 628 2004 diebus
666 1959 829 2017 peragi
862 1960 1150 2016 Saturnalia,
1192 1959 1231 2003 si
1271 1959 1429 2016 opinio
1460 1960 1675 2003 uocanda
1707 1961 1779 2003 est
1816 1972 1939 2014 quae

252 2018 435 2063 idoneis
470 2019 680 2063 firmatur
719 2019 1001 2064 auctoribus.
1062 2019 1243 2063 Nouius
1285 2018 1430 2076 enim,
1469 2018 1795 2063 Atellanarum
1833 2032 1938 2075 pro-

253 2077 527 2122 batissimus
559 2077 769 2135 scriptor,
803 2078 891 2123 ait:
925 2078 1055 2122 olim’
1087 2092 1125 2123 e.
1151 2094 1194 2135 q.
1222 2093 1255 2122 s.

373 2167 624 2213 Praecessit
659 2168 850 2222 fortasse
886 2167 1079 2211 tandem
1197 2166 1395 2211 ueniunt
1434 2168 1680 2223 expectata
1710 2166 1941 2210 Munkius

1058 2322 1131 2369 IV

170 2418 253 2457 105
270 2403 374 2456 Per
434 2404 585 2457 deam
646 2406 885 2458 sanctam
946 2405 1266 2475 Lauernam,
1328 2407 1463 2474 quae
1515 2405 1691 2474 <mei>
1744 2404 1940 2457 cultrix

1495 2493 1791 2562 quaestuist

374 2594 553 2638 Nonius
585 2599 685 2651 483,
718 2600 775 2638 20
810 2594 1057 2650 ‘quaesti
1091 2594 1169 2638 uel
1200 2593 1441 2650 quaestuis
1474 2593 1651 2637 dictum
1681 2608 1765 2650 pro
1797 2607 1938 2649 quae-

257 2655 356 2696 stus
390 2689 399 2697 .
428 2690 436 2698 .
465 2690 472 2698 .
505 2653 707 2699 Nouius:
739 2667 823 2710 per
854 2654 1006 2697 deam’
1035 2667 1072 2698 e.
1099 2668 1141 2709 q.
1169 2668 1202 2698 S.

377 2743 587 2785 sanctam
617 2742 675 2786 H
678 2742 725 2785 P
753 2744 916 2785 sancta
947 2759 983 2798 φ
1076 2742 1338 2785 Lauernam
1369 2741 1455 2796 ΗΞ,
1486 2741 1666 2786 Aldina
1695 2741 1938 2784 labernam

257 2798 503 2855 (libernam
527 2801 592 2856 P)
617 2819 652 2857 φ
744 2814 864 2856 quae
889 2800 1057 2844 cultrix
1081 2800 1362 2856 quaestuisit
1385 2818 1419 2844 ω
1445 2802 1539 2856 (sed
1562 2813 1681 2855 quae
1705 2814 1741 2844 c.
1768 2814 1849 2844 om.
1871 2800 1939 2842 L1

348 2857 410 2901 sit
440 2873 521 2903 om.
546 2860 663 2916 Ba):
699 2861 766 2904 vel
795 2859 888 2903 mei
917 2861 985 2905 vel
1016 2859 1153 2903 huius
1185 2861 1473 2904 inserendum
1503 2860 1689 2904 conicio.
1722 2872 1842 2913 quae
1876 2857 1940 2902 sit

258 2915 427 2960 cultrix
451 2918 691 2973 quaestuis
715 2919 912 2963 Bothius
941 2932 1061 2974 quae
1093 2917 1261 2962 cultrix
1292 2918 1475 2974 quaesti
1504 2917 1593 2961 siet
1622 2918 1938 2975 Quicheratius
