2060 3140
230 140 342 193 248
880 136 932 181 L.
958 135 1229 183 AFRANIV
1231 135 1261 180 S

1048 276 1075 324 I

232 363 435 432 'anue
472 362 637 414 ferme
676 361 732 412 se
771 359 958 410 dedere
995 357 1187 410 melius
1227 335 1620 412 consultoribus

234 451 407 516 Quam
444 448 732 506 restrictim
771 447 1007 518 cogitata
1044 448 1204 514 atque
1244 446 1491 501 6mm'bus
1523 448 1827 503 rationibus

350 551 532 632 N’onius
556 555 655 606 516,
682 553 709 592 8
737 546 1072 593 ‘restrictim
1093 560 1178 603 pro
1201 547 1428 594 restricte.
1465 547 1685 595 Afranius
1709 550 1912 597 Thaide:

233 624 381 667 eaque
428 624 466 655 e.
491 624 534 665 q.
561 623 595 652 s.

352 703 376 742 1
410 711 499 755 que
531 698 579 741 P
612 710 731 755 quae
763 713 799 753 φ
926 695 1070 745 ferme
1099 695 1306 751 H¹L¹P
1338 685 1466 740 finne
1497 714 1533 754 φ
1661 710 1710 741 se
1743 697 1914 742 dedere

233 758 499 814 Fraterius,
539 757 662 803 Rue:
702 756 759 814 cf.
792 755 940 803 coron.
972 754 1161 799 LXXV1
1189 769 1251 812 sq.
1299 752 1457 799 sedere
1498 773 1533 800 ω
1572 755 1735 800 cedere
1773 771 1914 812 anon.

231 831 306 875 ap.
337 817 676 875 Quicheratium
777 819 803 858 2
836 816 977 871 atque
1007 814 1086 859 Ba
1115 815 1292 870 utquae
1323 813 1426 858 HL
1456 816 1601 872 utque
1633 816 1698 861 W
1720 817 1774 860 ut
1803 816 1851 860 P

228 1025 490 1079 Maiorem
527 1024 738 1077 laudem
778 1024 938 1093 quam
975 1023 1215 1076 laborem
1252 1024 1519 1078 inuenero

349 1125 583 1170 Ausonius
623 1125 975 1182 Technopaegn.
993 1124 1092 1169 XII
1130 1124 1276 1181 praef.
1320 1124 1434 1169 ‘scio
1469 1125 1590 1169 mihi
1627 1127 1754 1184 apud
1792 1126 1914 1171 alios

228 1199 314 1242 pro
346 1184 521 1229 laboris
552 1184 741 1233 modulo
773 1184 1086 1232 laudem'non
1115 1197 1252 1240 posse
1282 1184 1551 1240 procedere:
1584 1200 1725 1240 quam
1752 1187 1915 1230 tamen

232 1244 273 1288 si
302 1246 355 1288 tu
386 1243 650 1300 indulseris,
681 1245 736 1287 ut
766 1243 836 1287 ait
865 1242 1086 1286 Afranius
1117 1242 1167 1286 in
1198 1242 1393 1298 Thaide,
1423 1243 1665 1288 maiorem’
1692 1258 1730 1290 e.
1757 1259 1799 1300 q.
1827 1260 1861 1289 s,

930 1382 1213 1431 TITVLVS

137 1502 230 1542 335
245 1481 488 1553 'Adpetis
526 1483 858 1536 dominatum
898 1448 1113 1536 demens
1149 1483 1485 1552 praemature
1521 1485 1843 1554 praecocem.

351 1583 529 1629 Gellius
552 1583 650 1640 XII,
675 1588 701 1628 8
730 1584 854 1627 ‘cum
885 1582 1243 1640 significandum
1267 1585 1427 1628 autem
1457 1586 1539 1629 est¹
1559 1585 1767 1630 coactius
1799 1585 1916 1642 quid

230 1644 409 1688 factum
448 1646 496 1687 et
533 1642 854 1700 festinantius,
897 1645 998 1687 tum
1035 1642 1208 1687 rectius
1246 1645 1610 1699 praemature
1647 1644 1826 1690 factum
1862 1645 1915 1690 id

231 1702 404 1747 dicitur
442 1717 582 1758 quam
620 1704 823 1747 mature:
873 1701 1012 1746 sicuti
1049 1701 1271 1746 Afranius
1310 1701 1432 1746 dixit
1468 1702 1519 1746 in
1557 1705 1779 1761 togata,
1823 1703 1916 1748 cui

231 1761 459 1806 Titulus
489 1775 690 1805 nomen
722 1763 829 1806 est:
863 1760 1064 1818 adpetis'
1092 1774 1130 1805 e.
1156 1775 1198 1817 q.
1225 1775 1259 1805 S.
1318 1762 1390 1805 ‘In
1413 1775 1505 1818 quo
1532 1776 1671 1807 uersu
1703 1763 1914 1807 animad-

229 1821 508 1867 uertendum
532 1823 616 1877 est,
649 1821 775 1876 quod
804 1834 1136 1877 praecocem
1162 1820 1330 1878 inquit,
1360 1835 1456 1865 non
1477 1836 1810 1879 praecoquem:
1842 1825 1918 1867 est

231 1880 356 1924 enim
387 1894 522 1924 casus
554 1878 653 1924 eius
683 1881 837 1924 rectus
867 1894 963 1924 non
992 1879 1288 1936 praecoquis,
1328 1880 1410 1924 sed
1439 1882 1672 1937 praecox.’
1733 1881 1913 1926 Eadem

230 1939 328 1983 fere
357 1939 623 1983 Macrobius
655 1939 752 1984 Sat.
775 1939 841 1984 VI
866 1943 912 1996 -8,
940 1944 1008 1984 13.
1070 1938 1282 1983 titulus
1323 1939 1491 1984 Omen
1528 1941 1656 1984 haud
1692 1940 1914 1997 displicet

230 1999 364 2055 Iano,
410 1998 547 2042 unice
592 2012 753 2043 verum
798 2011 899 2043 esse
944 2001 1045 2042 tam
1090 1998 1376 2043 confidenter
1421 2013 1563 2055 quam
1606 1999 1914 2058 inprudenter

232 2058 450 2102 adfirmat
486 2057 713 2115 Bergkius
754 2071 908 2114 opusc.
940 2058 962 2101 I
993 2062 1102 2102 410:
1149 2057 1206 2102 cf.
1239 2057 1396 2102 coroll.
1427 2058 1636 2103 LXXVII
1682 2058 1912 2103 Titulus

231 2120 310 2173 (sc.
347 2116 530 2161 ‘tabula
569 2116 838 2174 auctionis')
881 2118 930 2161 et
978 2115 1183 2161 Auctio
1230 2116 1438 2161 eiusdem
1483 2117 1674 2162 fabulae
1718 2118 1914 2162 nomina

228 2175 450 2220 videntur
487 2176 550 2221 Io.
582 2175 686 2221 Val.
722 2175 967 2220 Franckio.
1036 2175 1173 2220 Pauli
1215 2176 1273 2220 de
1318 2176 1514 2220 titulis
1558 2190 1615 2220 ex
1651 2177 1790 2221 Festo
1833 2191 1912 2221 ex-

231 2237 442 2292 cerptum
478 2250 523 2292 p.
549 2239 635 2279 366
666 2236 727 2280 M.
772 2234 963 2279 ‘tituli
1007 2234 1182 2279 milites
1229 2235 1527 2292 appellantur
1571 2236 1707 2292 quasi
1751 2236 1913 2292 tutufi,

232 2295 357 2349 quod
394 2294 599 2351 patriam
636 2296 896 2351 tuerentur,
935 2294 1058 2339 unde
1098 2296 1147 2339 et
1180 2293 1277 2338 Titi
1313 2308 1597 2351 praenomen
1628 2298 1780 2340 ortum
1812 2296 1908 2340 est’

231 2353 431 2397 conferri
466 2353 605 2397 iussit
634 2353 848 2410 Thysius,

345 2442 559 2511 demens]
586 2441 759 2486 ueteris
784 2443 895 2487 Par.
921 2442 1166 2500 Macrobii,
1198 2448 1250 2487 ut
1272 2442 1466 2487 Veneris
1490 2445 1662 2488 subesse
1685 2445 1916 2501 suspicari

223 2514 374 2558 possus

964 2595 1171 2644 VIRGO

1059 2686 1086 2733 Ι
1436 2739 1444 2749 0

1217 2755 1382 2807 ferme
1420 2754 1624 2825 uirgini

230 2840 346 2893 Iam
385 2842 574 2894 crescit
601 2845 794 2895 uterus
833 2843 943 2895 tam
983 2861 1143 2912 quam
1181 2842 1432 2914 grauidae
1471 2843 1697 2896 mulieri.
1737 2875 1807 2882 —

229 2929 534 2982 Molucrum
573 2933 819 3000 uocatur,
857 2931 1049 2984 transit
1087 2931 1199 2984 sine
1240 2931 1526 2985 doloribus,
