2060 3140
701 123 928 168 SEXTVS
959 123 1243 169 TVRPILIV
1245 124 1274 168 S
1721 124 1748 176 1
1759 124 1824 176 19

265 256 444 301 Nonius
477 261 587 312 212,
620 260 676 300 35
711 256 1056 300 ‘mercatura
1085 255 1298 300 feminini
1332 292 1339 300 .
1369 292 1376 300 .
1405 292 1413 302 .
1442 256 1470 300 .’

270 349 293 388 1
328 344 431 402 cepi
461 346 558 389 edd.
592 343 725 401 coepi
755 361 790 388 ω
911 350 936 388 2
967 346 1176 389 nostram
1206 344 1494 399 Grautoffiws
1610 357 1822 401 processe

151 403 374 458 Gifanius
402 404 621 460 prodesse
653 403 916 460 (prodeesse
947 404 1031 461 L1)
1064 421 1099 448 ω
1218 402 1351 447 nebis
1385 403 1511 447 F¹L

947 514 1025 561 ΙΠ

849 596 1030 651 Nauta

218 683 289 736 Di
327 685 518 754 s<ero>
556 686 925 739 aduenientem
961 685 1208 756 perdant:
1246 685 1335 738 hic
1374 685 1588 754 quidem

217 771 332 826 Nos
370 773 559 842 perdit.
635 774 833 826 festum
871 775 985 827 esse
1023 774 1142 826 hice
1182 773 1433 842 quartum
1473 773 1613 825 diem
1828 786 1912 826 140

409 861 584 914 Hodie
622 861 841 914 iterant:
879 861 957 914 ita
994 862 1331 914 conuentum.

261 961 526 1005 Priscianus
574 962 632 1005 de
676 961 836 1005 metris
883 975 998 1005 com.
1040 960 1166 1005 CGL
1212 961 1278 1005 ΙΠ
1316 965 1402 1005 426
1449 961 1503 1005 Κ.
1556 960 1823 1005 ‘Terentius

146 1019 381 1064 trochaico
413 1020 560 1064 mixto
591 1020 669 1064 uel
701 1020 892 1065 confuso
925 1034 1030 1064 cum
1059 1019 1261 1064 iambico
1292 1020 1442 1064 utitur
1467 1056 1476 1065 .
1505 1057 1512 1064 .
1540 1056 1548 1064 .
1574 1022 1629 1064 ut
1658 1019 1708 1063 in
1730 1020 1824 1064 An-

144 1078 268 1124 dria:
302 1079 468 1134 adhuc‚
501 1078 730 1136 ArchyliS‚
762 1093 882 1136 quae
915 1078 1130 1123 adsolent
1161 1093 1373 1135 quaeque
1404 1079 1605 1136 oportet’
1641 1093 1678 1124 e.
1712 1093 1755 1135 q.
1789 1094 1822 1123 s.

147 1137 390 1182 ‘Similiter
427 1138 622 1183 Plautus
661 1138 711 1182 in
749 1138 1031 1183 Truculento
1071 1138 1235 1182 eodem
1270 1140 1417 1182 metro
1456 1153 1566 1182 usus
1599 1140 1672 1182 est
1703 1175 1711 1182 .
1740 1175 1748 1182 .
1777 1174 1785 1182 .
1815 1174 1822 1182 .

144 1196 380 1254 Turpilius
411 1196 462 1241 in
495 1197 665 1241 Lindia
702 1200 913 1242 nautae
952 1211 1251 1255 personam
1286 1197 1513 1241 inducit
1549 1197 1638 1241 hoc
1676 1200 1822 1242 metro

142 1256 433 1312 loquentem:
467 1256 532 1300 di’
567 1270 605 1301 e.
638 1271 681 1313 q.
715 1271 750 1301 s,

265 1350 378 1389 1—3
420 1346 637 1393 bacchcos
663 1360 767 1390 cum
804 1345 1015 1390 clausula
1059 1346 1257 1390 iambica
1300 1346 1535 1401 constitui,
1582 1345 1734 1402 quales
1771 1346 1824 1389 iri

145 1406 301 1449 ceteris
338 1406 553 1461 exemplis
583 1420 614 1449 a
644 1404 888 1449 Prisciano
927 1405 1130 1449 laudatis
1169 1406 1390 1471 leqwntuff.
1573 1409 1596 1447 1
1641 1403 1690 1447 di
1721 1416 1822 1448 sero

142 1464 308 1520 scripsi
339 1463 429 1507 diis
462 1464 623 1522 Reyin.
657 1464 793 1509 Parr.
824 1463 919 1507 AR
949 1463 1079 1507 Leid.
1108 1464 1152 1508 V
1175 1463 1248 1507 dis
1282 1464 1478 1508 Vrbinas
1508 1462 1575 1505 dii
1603 1464 1739 1521 vulqo

143 1522 479 1567 aduentantem
522 1524 714 1578 fortasse
757 1523 916 1567 melius
1034 1521 1110 1566 hic
1153 1524 1251 1567 edd.
1282 1522 1334 1565 hi
1364 1523 1526 1581 Regin.
1560 1522 1698 1567 Parr.
1730 1521 1824 1566 AR

141 1582 274 1626 Leid.
302 1583 346 1626 V
371 1581 410 1625 si
442 1578 625 1626 Iseilius
743 1586 769 1624 2
800 1580 1007 1638 perdidit
1036 1582 1134 1626 edd.
1239 1582 1359 1640 esse]
1391 1597 1456 1627 ari
1486 1587 1621 1626 ecce?
1718 1580 1821 1625 hice

143 1643 225 1698 (ari
247 1640 398 1684 hunce
409 1643 447 1698 5³)
478 1643 697 1696 quartum
720 1639 844 1685 diem
865 1642 1028 1697 scripsi
1051 1639 1176 1684 diem
1198 1640 1275 1684 hic
1299 1642 1517 1696 quartum
1547 1657 1582 1684 ω
1694 1645 1723 1683 4
1752 1639 1822 1683 ita

140 1713 224 1744 om.
250 1700 414 1758 Reyirl.
505 1700 762 1756 Ampaesti
793 1698 842 1742 di
874 1698 1203 1743 aduenientem
1231 1714 1276 1756 p.
1301 1699 1346 1744 h.
1371 1714 1415 1755 q.
1472 1699 1571 1743 Nos
1602 1697 1820 1755 perdidit.

140 1758 218 1802 hic
249 1758 422 1802 festum
454 1760 553 1802 esse
586 1758 711 1802 diem
739 1757 966 1812 Quartum
995 1757 1136 1802 hodie
1166 1758 1362 1803 iterant:
1393 1758 1463 1802 ita
1496 1759 1829 1815 conuentumst

144 1818 405 1873 Grautoffilo
437 1819 686 1875 aliquando
711 1819 1010 1874 placuerant.-
1055 1819 1150 1874 ipse
1188 1819 1296 1863 olim
1333 1819 1386 1862 in
1416 1818 1578 1862 eisdem
1608 1819 1820 1873 wamhs,

138 1878 221 1934 qui
249 1878 401 1932 facile·
415 1878 467 1922 in
497 1891 629 1922 aures
657 1878 844 1932 cadwnt,
873 1877 1112 1922 elaboravi.

942 2001 1015 2048 IV

136 2084 384 2139 Profecto
423 2089 486 2138 ut
524 2086 749 2155 quisque
787 2083 1012 2138 minimo
1053 2064 1336 2138 contentu-s
1374 2083 1502 2153 fuit,

138 2172 224 2226 Ita
259 2174 588 2227 f6rtunatam
626 2174 798 2226 uitam
835 2173 977 2226 uixit
1014 2173 1260 2243 maxime,

138 2261 215 2315 Vt
251 2262 558 2332 philosophi
598 2263 749 2315 aiunt
785 2262 900 2331 isti,
940 2261 1135 2330 quibus
1174 2260 1388 2330 quiduis
1425 2263 1509 2313 sat
1546 2263 1639 2313 est.

255 2361 518 2407 Priscianus
548 2363 579 2409 1.
611 2363 641 2407 l.
674 2367 760 2407 425
810 2361 1064 2420 ‘Turpilius
1106 2374 1289 2417 quoque
1327 2360 1378 2404 in
1416 2359 1511 2404 suis
1545 2359 1673 2404 idem
1702 2360 1819 2405 facit

138 2420 424 2477 comoediis’‚
469 2421 584 2479 (scil.
617 2422 667 2466 in
704 2421 964 2479 prologis
1006 2423 1054 2465 et
1090 2420 1288 2478 primis
1330 2418 1557 2464 scaenis
1594 2419 1817 2464 trimetris

137 2480 287 2524 utitur
316 2480 549 2539 iambicis)
584 2482 657 2525 ‘ut
685 2481 736 2524 in
766 2480 957 2526 Lindia:
989 2479 1217 2537 profecto’
1252 2493 1290 2524 e.
1323 2494 1366 2534 q.
1400 2493 1434 2523 s.

955 2591 1002 2637 V

141 2673 427 2744 Comperce
464 2674 644 2728 uerbis
681 2676 928 2728 uelitare:
969 2674 1035 2726 ad
1072 2675 1185 2726 rem
1225 2673 1352 2725 redi.
1821 2687 1904 2726 145

255 2775 435 2820 Nonius
468 2781 509 2832 3,
537 2781 592 2820 10
626 2774 930 2820 ‘uelitatio
964 2773 1139 2818 dicitur
1168 2773 1287 2818 leuis
1321 2772 1572 2830 contentio,
1606 2772 1732 2818 dicta
1764 2787 1820 2818 ex

138 2835 465 2892 congressione
496 2834 694 2879 uelitum
728 2871 737 2880 .
766 2872 774 2880 .
802 2871 811 2880 .
839 2835 866 2878 .’

257 2936 500 2980 comparce
533 2924 660 2969 FH1
781 2921 890 2967 dedi
922 2923 998 2967 Ba
