2060 3140
758 121 810 167 L.
839 121 1112 166 AFRANIV
1114 121 1144 166 S
1682 123 1791 176 207

40 307 46 316 ,
912 262 984 310 XI

0 335 24 434 ζ
110 345 256 398 Deos
295 363 393 415 ego
434 345 607 398 omnis
644 347 707 398 ut
744 345 1098 398 fortunassr'nt
1133 364 1335 416 precor.

228 445 409 490 Nonius
444 451 550 503 109,
583 451 638 491 17
680 446 1003 491 ‘fortunare
1050 448 1121 491 est
1165 460 1436 505 prosperare
1483 449 1531 492 et
1576 446 1793 492 omnibus

43 554 46 559 ,
111 504 248 550 bonis
280 518 451 562 augere
484 542 493 551 .
521 542 531 550 .
555 541 566 550 .
600 505 821 550 Afranius
852 504 1186 563 Emancipato:
1221 507 1350 551 deos'
1385 520 1423 552 0.
1449 520 1492 563 q.
1518 521 1555 551 s,

228 593 418 638 fortuna
450 594 544 640 sint
581 596 647 641 W

902 661 1000 708 XII

3 733 7 737 ’
46 789 49 795 .
111 743 446 814 Principium
484 745 587 798 hoc
626 763 720 798 oro
760 745 817 797 in
855 745 1033 797 animo
1071 747 1135 796 ut
1170 745 1247 797 sic
1285 745 1488 798 statuas
1525 747 1637 815 tu0‚

109 832 270 902 <Μο>
309 833 502 886 officiis
541 834 662 904 cogi
698 836 762 885 ut
799 832 896 885 abs
933 835 987 885 te
1025 850 1234 885 seorsus
1273 833 1499 885 sentiam
1804 853 1882 894 -85

44 910 45 914 ¹
107 920 191 974 De
228 922 418 974 uxoria
455 940 527 974 re.

45 1000 49 1002 “
230 1021 466 1066 Charisius
497 1037 541 1078 p.
570 1025 655 1065 195
686 1020 737 1066 P.
772 1021 1059 1065 ‘seorsus’

230 1114 253 1152 1
285 1108 516 1166 principio
550 1109 795 1154 Fraterius
1001 1110 1056 1152 ut
1086 1108 1152 1153 sic
1185 1111 1367 1154 statuas
1396 1111 1478 1154 tuo
1510 1111 1708 1156 Bothius
1736 1113 1793 1156 ut

10 1169 27 1201 ²?
110 1167 259 1212 sistuo
291 1170 366 1213 sta
391 1204 400 1212 .
427 1203 437 1213 .
465 1204 474 1212 .
501 1182 522 1211 s
554 1169 648 1213 cod.
678 1169 732 1211 ut
763 1167 829 1211 sic
859 1169 942 1211 tuo
975 1169 1155 1212 statuas
1186 1170 1252 1214 ed.
1279 1184 1356 1226 pr.
1445 1175 1471 1213 2
1502 1183 1578 1215 me
1609 1171 1793 1216 addidit

11 1269 14 1277 ,
42 1247 45 1251 ’
109 1228 316 1286 Machly,
345 1242 428 1273 om.
457 1228 551 1272 cod.

10 1312 13 1324 ,
890 1292 1013 1340 XHI

9 1376 12 1436 ξ
42 1438 44 1443 ,
110 1377 282 1441 Quam
321 1378 464 1430 lente
501 1380 698 1429 tractat
735 1395 820 1429 me
858 1377 1018 1446 atque
1055 1377 1272 1430 inludit!
1314 1421 1324 1431 .
1364 1421 1376 1431 .
1416 1421 1428 1431 .

232 1477 469 1524 Charisius
505 1494 550 1535 p.
579 1482 663 1522 183
695 1479 745 1523 P.
788 1478 967 1522 ‘lente
1007 1477 1228 1522 Afranius
1275 1478 1325 1522 in
1371 1478 1667 1525 Consobrinis
1708 1482 1789 1541 [V]

42 1571 43 1574 ,
109 1537 236 1582 idem
265 1538 316 1582 in
346 1537 673 1594 Emancipato:
707 1538 866 1593 quam'
902 1550 939 1581 e.
972 1552 1014 1593 q.
1049 1552 1083 1582 s.

888 1662 1008 1710 XIV

106 1747 257 1801 Idem
295 1749 351 1800 es
389 1748 482 1818 qui
520 1766 742 1818 semper,
780 1747 942 1816 idque
979 1750 1042 1800 ut
1079 1747 1181 1799 rite
1221 1747 1501 1819 intellegas

109 1836 183 1889 Το
222 1836 395 1889 facere

228 1936 465 1981 Charisius
494 1952 540 1994 p.
566 1941 650 1981 193
681 1938 731 1981 P.
767 1936 934 1981 ‘rite.’

905 2061 997 2108 XV

112 2188 123 2197 .
164 2188 175 2197 .
215 2188 226 2198 .
267 2186 279 2198 .
318 2148 371 2197 te
410 2145 583 2198 facere
622 2147 876 2215 conpecto
917 2145 1096 2197 omnia
1818 2163 1878 2202 90

0 2246 2 2258 ⁴
39 2284 42 2287 .
229 2245 466 2290 Charisius
510 2262 555 2304 p.
591 2250 673 2290 177
721 2246 771 2290 Ρ.
823 2246 1155 2302 ‘conpecto'
1221 2248 1515 2304 (conpacto
1570 2249 1788 2305 excerpta

109 2304 262 2362 Bern.)
322 2305 538 2349 Fortasse
568 2305 623 2350 fr.
655 2305 761 2349 XIV
793 2306 842 2348 et
870 2305 955 2349 XV
987 2304 1313 2349 cohaerebant.

229 2386 454 2466 conpgcto
485 2409 579 2454 cod.

889 2473 1007 2520 XVI

47 2579 51 2586 ’
107 2556 286 2611 Viden
321 2561 384 2610 iit
421 2557 646 2611 facunde
684 2559 870 2611 contra
908 2557 1138 2610 causaris
1175 2558 1419 2626 patrem?

227 2658 409 2702 Nonius
441 2663 513 2716 89,
545 2663 570 2702 9
605 2657 882 2715 ‘causari,
915 2671 1106 2702 causam
1136 2656 1290 2702 dicere
1317 2658 1396 2702 -1101
1427 2658 1674 2704 defendere
1700 2694 1710 2704 .
1737 2696 1748 2705 .
1772 2696 1784 2706 .

11 2719 19 2754 T·
108 2717 329 2762 Afranius
360 2717 688 2775 Emancipato:
719 2717 869 2761 uidet’
904 2730 943 2761 0.
975 2731 1018 2772 q.
1051 2730 1085 2760 s.

227 2806 370 2850 uiden
400 2807 454 2848 ut
482 2807 647 2862 scripsi
675 2807 756 2863 (an
785 2804 923 2848 uideo
938 2806 974 2861 ‘?)
1004 2803 1138 2848 uidet
1167 2821 1202 2848 ω
1233 2804 1342 2849 uide
1373 2807 1427 2850 ut
1456 2806 1686 2852 Reatinus
1714 2805 1785 2850 iu-

10 2838 47 2908 {A
111 2864 202 2908 dex
239 2866 343 2910 Bae
380 2866 478 2921 (nec
513 2863 687 2909 uindex
724 2865 902 2922 lonyius
938 2865 1111 2921 aberat)
1153 2862 1310 2920 lepide
1355 2866 1403 2908 et
1439 2865 1666 2924 Berykius
1705 2867 1788 2923 (an

19 2926 22 2929 “
110 2922 280 2968 callide
311 2925 364 2969 im
391 2929 556 2980 septen.
586 2922 795 2980 mutilo?)
917 2921 1119 2967 causeris
1149 2923 1323 2969 Jmius
