2060 3140
19 2878 23 2886 -
19 2783 30 2820 „-
7 2388 38 2722 &saw-‹³-
10 2365 12 2367 ·
10 2308 34 2346 42*
21 2270 25 2275 .
9 2086 29 2239 a*
8 2042 15 2066 υ

456 138 719 183 ANONYM
725 139 898 185 ORVM
926 140 1222 185 MIMORVM
1251 141 1577 196 RELIQVIAE
1746 143 1855 197 375

290 273 558 327 Iuvenalis
595 273 674 327 VI
720 275 793 326 44
840 276 912 328 ‘si
965 276 1308 329 moechorum
1361 278 1672 330 notissimus
1725 279 1857 332 olim

179 360 358 414 Stulta
403 363 637 415 maritali
686 364 793 416 iam
841 364 1072 435 porrigit
1119 383 1211 417 ora
1257 366 1486 434 capistro
1495 409 1510 435 ‚
1565 366 1732 430 Quem
1778 371 1858 420 to-

177 449 316 502 tiens
363 452 499 503 texit
547 452 774 520 perituri
820 453 953 505 cista
997 453 1211 506 Latini?
1288 453 1574 507 scholiasta
1620 455 1732 524 ‘qui
1777 460 1857 509 to—

177 539 315 591 tiens
364 540 769 608 superueniente
818 541 1011 594 marito
1058 541 1157 593 sub
1205 542 1337 594 cista
1386 543 1586 596 celatus
1638 547 1740 613 est,
1792 547 1855 596 ut

178 645 235 678 1n
273 628 472 680 m1m0.'

393 822 868 873 ANONYMORVM
905 824 1224 874 MIMORVM
1268 827 1631 884 RELIQVIAE

295 919 490 975 Aliquot
530 919 653 963 inter
688 920 914 976 palliatae
953 921 1216 978 fragmenta
1254 925 1464 979 receptos
1502 923 1753 968 versiculos
1793 924 1856 968 ad

174 977 370 1021 mimum
399 978 557 1034 potius
588 978 738 1023 videri
768 979 1000 1036 pertinere
1033 995 1114 1024 suo
1147 981 1250 1024 loco
1282 981 1456 1026 monui.

1003 1150 1029 1196 I

286 1230 576 1285 Rhetorica
622 1233 688 1284 ad
733 1232 1062 1285 Herennium
1100 1231 1125 1284 I
1176 1233 1265 1303 14,
1304 1234 1376 1286 24
1423 1235 1664 1286 ‘mimus
1718 1235 1855 1303 qui-

176 1320 315 1372 dam
375 1321 752 1373 nominatim
812 1320 1070 1373 Accium
1131 1325 1379 1390 poetam
1441 1323 1854 1391 compellauit

175 1409 242 1460 in
279 1426 523 1461 scaena:
564 1428 685 1461 cum
725 1428 785 1462 eo
821 1408 1015 1461 Accius
1054 1410 1368 1462 iniuriarum
1408 1411 1532 1482 agit.
1593 1410 1681 1463 hic
1716 1411 1856 1464 nihil

174 1497 323 1549 aliud
360 1498 598 1550 defendit
635 1498 739 1550 nisi
776 1498 934 1551 licere
973 1499 1237 1551 nominari
1277 1517 1412 1568 eum,
1451 1498 1601 1551 cuius
1637 1501 1853 1552 nomine

172 1586 374 1655 scripta
413 1586 605 1639 dentur
647 1587 884 1657 agenda'

297 1701 363 1746 Cf.
395 1702 439 1745 II
479 1707 548 1759 13,
577 1707 629 1746 19
670 1702 742 1747 ‘Q
777 1701 959 1747 Caelius
998 1702 1137 1746 iudex
1176 1702 1381 1746 absoluit
1418 1702 1694 1747 iniuriarum
1732 1717 1852 1759 eum,

175 1761 256 1817 qui
286 1760 518 1805 Lucilium
547 1764 737 1818 poetam
766 1761 816 1805 in
848 1775 1015 1805 scaena
1044 1761 1321 1806 nominatim
1350 1762 1564 1817 laeserat,
1594 1763 1643 1806 P.
1669 1762 1851 1806 Mucius

175 1834 303 1877 eum,
365 1820 446 1876 qui
498 1821 547 1865 L.
595 1820 788 1864 Accium
844 1823 1033 1877 poetam
1084 1820 1428 1877 nominauerat‚
1487 1820 1850 1865 condemnauit.'

175 1879 358 1924 Fictam
403 1880 465 1923 ad
512 1879 739 1924 Graecum
793 1880 1053 1937 exemplum
1098 1879 1460 1924 controversiam
1506 1879 1674 1924 statuit
1719 1880 1855 1925 Marx

172 1938 290 1995 prol.
322 1954 367 1995 p.
396 1944 494 1983 109.

986 2050 1037 2096 II

290 2132 473 2186 Cicero
506 2134 573 2185 ad
602 2133 724 2185 fam.
756 2132 835 2185 IX
877 2133 959 2202 16,
994 2133 1022 2184 7
1065 2133 1223 2184 enunc
1260 2132 1418 2184 uenio
1459 2132 1524 2184 ad
1561 2131 1854 2184 iocationes
1911 2175 1915 2178 .

175 2225 318 2292 tuaS,
366 2223 618 2291 quoniam
664 2225 726 2274 tu
772 2221 1058 2274 secundum
1099 2219 1426 2273 Oenomaum
1462 2219 1593 2272 Acci
1637 2238 1746 2272 non
1790 2222 1853 2272 ut

176 2311 308 2363 olim
339 2310 545 2383 solebat
575 2309 893 2379 Atellanam,
931 2310 1023 2362 sed
1060 2312 1120 2361 ut
1159 2327 1299 2361 nunc
1337 2309 1400 2360 fit
1433 2309 1657 2360 mimum
1687 2308 1853 2360 intro·
1933 2315 1938 2318 ’

176 2399 392 2451 duxisti.
482 2416 639 2467 quem
693 2401 753 2450 tu
806 2397 939 2450 mihi
992 2398 1313 2466 po'mpilum‚
1368 2415 1524 2465 quem
1579 2396 1853 2448 denarium

175 2488 395 2540 narras?
451 2506 610 2556 quam
642 2485 956 2556 tyrotarichi
990 2477 1263 2554 patinam?
1316 2485 1571 2536 facilitate
1602 2502 1720 2536 mea
1749 2484 1854 2536 ista

174 2576 485 2628 ferebantur
531 2578 708 2644 antea,
753 2592 894 2626 nunc
939 2576 1145 2625 mutata
1189 2591 1273 2624 res
1319 2576 1418 2625 est:
1464 2572 1706 2625 Hirtium
1753 2589 1851 2642 ego

174 2668 231 2717 et
269 2664 607 2717 Dolabellam
654 2663 859 2715 dicendi
907 2661 1193 2730 discipulos
1237 2660 1431 2730 habeo,
1477 2660 1699 2712 cenandi
1743 2677 1853 2711 ma-

176 2753 376 2823 gistros
423 2795 433 2805 .
475 2794 486 2804 .
526 2794 538 2805 .
578 2795 588 2804 .
638 2751 781 2820 quod
826 2750 871 2802 si
915 2767 1220 2818 perseueras
1266 2767 1350 2800 me
1396 2748 1462 2800 ad
1505 2748 1691 2800 matris
1729 2750 1852 2799 tuae

177 2859 361 2893 cenam
406 2858 677 2909 reuocare,
722 2839 889 2890 feram
935 2837 991 2888 id
1029 2855 1253 2906 quoque.
1328 2837 1452 2889 uolo
1493 2836 1635 2888 enim
1670 2836 1852 2888 uidere

175 2929 438 2998 animum,
485 2929 578 2997 qui
623 2927 756 2980 mihi
803 2925 992 2977 audeat
1038 2926 1140 2977 ista
1187 2942 1319 2994 quae
1365 2923 1552 2977 scribis
1591 2923 1851 2994 adponere
