<?xml version="1.0" encoding="UTF-8"?>
<!DOCTYPE html PUBLIC "-//W3C//DTD XHTML 1.0 Transitional//EN"
    "http://www.w3.org/TR/xhtml1/DTD/xhtml1-transitional.dtd">
<html xmlns="http://www.w3.org/1999/xhtml" xml:lang="en" lang="en">
 <head>
  <title>
</title>
<meta http-equiv="Content-Type" content="text/html;charset=utf-8" />
  <meta name='ocr-system' content='tesseract 3.04.00' />
  <meta name='ocr-capabilities' content='ocr_page ocr_carea ocr_par ocr_line ocrx_word'/>
</head>
<body>
  <div class='ocr_page' id='page_1' title='image "./scaenicaeromanor02ribbuoft_0064.png"; bbox 0 0 2060 3140; ppageno 0'>
   <div class='ocr_carea' id='block_1_1' title="bbox 185 2236 239 2276">
    <p class='ocr_par' dir='ltr' id='par_1_1' title="bbox 185 2236 239 2276">
     <span class='ocr_line' id='line_1_1' title="bbox 185 2236 239 2276; baseline -0.019 0"><span class='ocrx_word' id='word_1_1' title='bbox 185 2236 239 2276; x_wconf 81' lang='lat'>65</span> 
     </span>
    </p>
   </div>
   <div class='ocr_carea' id='block_1_2' title="bbox 267 143 1396 200">
    <p class='ocr_par' dir='ltr' id='par_1_2' title="bbox 267 143 1396 200">
     <span class='ocr_line' id='line_1_2' title="bbox 267 143 1396 200; baseline -0.001 -11"><span class='ocrx_word' id='word_1_2' title='bbox 267 147 337 200; x_wconf 83' lang='lat'>52</span> <span class='ocrx_word' id='word_1_3' title='bbox 810 144 1114 190; x_wconf 69' lang='lat' dir='ltr'>cfflcmrvs</span> <span class='ocrx_word' id='word_1_4' title='bbox 1148 143 1396 188; x_wconf 78' lang='lat' dir='ltr'>STATIVs</span> 
     </span>
    </p>
   </div>
   <div class='ocr_carea' id='block_1_3' title="bbox 264 340 1793 670">
    <p class='ocr_par' dir='ltr' id='par_1_3' title="bbox 264 340 1793 670">
     <span class='ocr_line' id='line_1_3' title="bbox 1072 340 1144 388; baseline 0 0"><span class='ocrx_word' id='word_1_5' title='bbox 1072 340 1144 388; x_wconf 83' lang='lat' dir='ltr'>VI</span> 
     </span>
     <span class='ocr_line' id='line_1_4' title="bbox 1147 438 1793 508; baseline 0 -17"><span class='ocrx_word' id='word_1_6' title='bbox 1147 438 1278 507; x_wconf 75' lang='lat' dir='ltr'>quid</span> <span class='ocrx_word' id='word_1_7' title='bbox 1315 438 1417 491; x_wconf 87' lang='lat' dir='ltr'>tibi</span> <span class='ocrx_word' id='word_1_8' title='bbox 1456 439 1793 508; x_wconf 68' lang='lat' dir='ltr'>aucupatiost</span> 
     </span>
     <span class='ocr_line' id='line_1_5' title="bbox 264 526 1534 600; baseline -0.002 -18"><span class='ocrx_word' id='word_1_9' title='bbox 264 528 656 600; x_wconf 70' lang='lat' dir='ltr'>Argumentum</span> <span class='ocrx_word' id='word_1_10' title='bbox 694 529 787 578; x_wconf 87' lang='lat' dir='ltr'>aut</span> <span class='ocrx_word' id='word_1_11' title='bbox 826 526 888 578; x_wconf 89' lang='lat' dir='ltr'>de</span> <span class='ocrx_word' id='word_1_12' title='bbox 927 526 1107 578; x_wconf 88' lang='lat' dir='ltr'>am6re</span> <span class='ocrx_word' id='word_1_13' title='bbox 1146 526 1534 579; x_wconf 69' lang='lat' dir='ltr'>uerbificatiost</span> 
     </span>
     <span class='ocr_line' id='line_1_6' title="bbox 264 616 451 670; baseline -0.011 0"><span class='ocrx_word' id='word_1_14' title='bbox 264 616 451 670; x_wconf 76' lang='lat' dir='ltr'>Patri?</span> 
     </span>
    </p>
   </div>
   <div class='ocr_carea' id='block_1_4' title="bbox 265 728 1947 905">
    <p class='ocr_par' dir='ltr' id='par_1_4' title="bbox 265 728 1947 905">
     <span class='ocr_line' id='line_1_7' title="bbox 382 728 1947 790; baseline 0.001 -16"><span class='ocrx_word' id='word_1_15' title='bbox 382 731 592 774; x_wconf 88' lang='lat' dir='ltr'>Donatus</span> <span class='ocrx_word' id='word_1_16' title='bbox 630 728 680 772; x_wconf 88' lang='lat' dir='ltr'>in</span> <span class='ocrx_word' id='word_1_17' title='bbox 711 729 812 774; x_wconf 87' lang='lat' dir='ltr'>Ter.</span> <span class='ocrx_word' id='word_1_18' title='bbox 851 742 953 774; x_wconf 91' lang='lat' dir='ltr'>eun.</span> <span class='ocrx_word' id='word_1_19' title='bbox 978 729 1044 774; x_wconf 92' lang='lat' dir='ltr'>IV</span> <span class='ocrx_word' id='word_1_20' title='bbox 1066 735 1115 786; x_wconf 86' lang='lat'>4,</span> <span class='ocrx_word' id='word_1_21' title='bbox 1140 735 1168 773; x_wconf 87' lang='lat'>4</span> <span class='ocrx_word' id='word_1_22' title='bbox 1210 728 1343 785; x_wconf 78' lang='lat' dir='ltr'>‘quid</span> <span class='ocrx_word' id='word_1_23' title='bbox 1389 728 1535 773; x_wconf 88' lang='lat' dir='ltr'>uestis</span> <span class='ocrx_word' id='word_1_24' title='bbox 1581 730 1782 775; x_wconf 88' lang='lat' dir='ltr'>mutatio</span> <span class='ocrx_word' id='word_1_25' title='bbox 1793 732 1832 790; x_wconf 76' lang='lat'><strong>‘.&gt;]</strong></span> <span class='ocrx_word' id='word_1_26' title='bbox 1881 730 1947 775; x_wconf 87' lang='lat' dir='ltr'>sic</span> 
     </span>
     <span class='ocr_line' id='line_1_8' title="bbox 265 786 1946 848; baseline 0 -14"><span class='ocrx_word' id='word_1_27' title='bbox 265 791 445 834; x_wconf 87' lang='lat' dir='ltr'>ueteres</span> <span class='ocrx_word' id='word_1_28' title='bbox 567 787 795 832; x_wconf 70' lang='lat' dir='ltr'>Caecilius</span> <span class='ocrx_word' id='word_1_29' title='bbox 836 786 1155 848; x_wconf 76' lang='grc' dir='ltr'><strong><em>ἁρπαζομένῃε</em></strong></span> <span class='ocrx_word' id='word_1_30' title='bbox 1196 787 1327 844; x_wconf 91' lang='lat' dir='ltr'>quid’</span> <span class='ocrx_word' id='word_1_31' title='bbox 1363 801 1401 832; x_wconf 94' lang='lat' dir='ltr'>e.</span> <span class='ocrx_word' id='word_1_32' title='bbox 1427 802 1470 843; x_wconf 89' lang='lat' dir='ltr'>q.</span> <span class='ocrx_word' id='word_1_33' title='bbox 1498 802 1532 832; x_wconf 79' lang='lat' dir='ltr'>S.</span> <span class='ocrx_word' id='word_1_34' title='bbox 1594 787 1843 844; x_wconf 84' lang='lat' dir='ltr'>(Caelius</span> <span class='ocrx_word' id='word_1_35' title='bbox 1875 790 1946 834; x_wconf 91' lang='lat' dir='ltr'>ed.</span> 
     </span>
     <span class='ocr_line' id='line_1_9' title="bbox 266 846 1946 905; baseline -0.001 -12"><span class='ocrx_word' id='word_1_36' title='bbox 266 849 387 893; x_wconf 89' lang='lat' dir='ltr'>Med.</span> <span class='ocrx_word' id='word_1_37' title='bbox 420 847 610 892; x_wconf 84' lang='lat' dir='ltr'>Gelius</span> <span class='ocrx_word' id='word_1_38' title='bbox 634 847 737 891; x_wconf 88' lang='lat' dir='ltr'>Par.</span> <span class='ocrx_word' id='word_1_39' title='bbox 755 847 905 905; x_wconf 89' lang='lat' dir='ltr'>Lugd.</span> <span class='ocrx_word' id='word_1_40' title='bbox 923 847 1100 903; x_wconf 89' lang='lat' dir='ltr'>Dresd.,</span> <span class='ocrx_word' id='word_1_41' title='bbox 1125 847 1228 892; x_wconf 86' lang='lat' dir='ltr'>edd.</span> <span class='ocrx_word' id='word_1_42' title='bbox 1247 847 1377 891; x_wconf 88' lang='lat' dir='ltr'>Rom.</span> <span class='ocrx_word' id='word_1_43' title='bbox 1396 846 1535 892; x_wconf 89' lang='lat' dir='ltr'>Vind.</span> <span class='ocrx_word' id='word_1_44' title='bbox 1554 846 1690 891; x_wconf 85' lang='lat' dir='ltr'>Tarv.</span> <span class='ocrx_word' id='word_1_45' title='bbox 1766 848 1946 905; x_wconf 79' lang='grc' dir='ltr'><strong><em>ἁρπα-</em></strong></span> 
     </span>
    </p>
   </div>
   <div class='ocr_carea' id='block_1_5' title="bbox 266 905 1945 1023">
    <p class='ocr_par' dir='ltr' id='par_1_5' title="bbox 266 905 1945 1023">
     <span class='ocr_line' id='line_1_10' title="bbox 266 905 1945 966; baseline -0.001 -14"><span class='ocrx_word' id='word_1_46' title='bbox 266 907 497 966; x_wconf 75' lang='grc' dir='ltr'>ζομένῃ]</span> <span class='ocrx_word' id='word_1_47' title='bbox 535 905 593 949; x_wconf 93' lang='lat' dir='ltr'>in</span> <span class='ocrx_word' id='word_1_48' title='bbox 620 906 816 951; x_wconf 87' lang='lat' dir='ltr'>Par.</span> <span class='ocrx_word' id='word_1_49' title='bbox 855 906 1004 962; x_wconf 83' lang='lat' dir='ltr'>Lugd.</span> <span class='ocrx_word' id='word_1_50' title='bbox 1045 906 1230 964; x_wconf 76' lang='lat' dir='ltr'>Dresd,</span> <span class='ocrx_word' id='word_1_51' title='bbox 1277 905 1392 950; x_wconf 87' lang='lat' dir='ltr'>item</span> <span class='ocrx_word' id='word_1_52' title='bbox 1437 906 1608 950; x_wconf 87' lang='lat' dir='ltr'>lacuna</span> <span class='ocrx_word' id='word_1_53' title='bbox 1652 905 1945 964; x_wconf 84' lang='lat' dir='ltr'>interposita,</span> 
     </span>
     <span class='ocr_line' id='line_1_11' title="bbox 267 964 1373 1023; baseline -0.002 -12"><span class='ocrx_word' id='word_1_54' title='bbox 267 967 349 1011; x_wconf 90' lang='lat' dir='ltr'>sed</span> <span class='ocrx_word' id='word_1_55' title='bbox 381 980 469 1011; x_wconf 90' lang='lat' dir='ltr'>om.</span> <span class='ocrx_word' id='word_1_56' title='bbox 499 964 557 1009; x_wconf 87' lang='lat' dir='ltr'>in</span> <span class='ocrx_word' id='word_1_57' title='bbox 588 965 692 1011; x_wconf 84' lang='lat' dir='ltr'>edd.</span> <span class='ocrx_word' id='word_1_58' title='bbox 725 965 858 1010; x_wconf 86' lang='lat' dir='ltr'>Rom.</span> <span class='ocrx_word' id='word_1_59' title='bbox 892 965 1031 1010; x_wconf 91' lang='lat' dir='ltr'>Vind.</span> <span class='ocrx_word' id='word_1_60' title='bbox 1063 965 1200 1011; x_wconf 85' lang='lat' dir='ltr'>Tarv.</span> <span class='ocrx_word' id='word_1_61' title='bbox 1232 965 1373 1023; x_wconf 90' lang='lat' dir='ltr'>Med.)</span> 
     </span>
    </p>
   </div>
   <div class='ocr_carea' id='block_1_6' title="bbox 266 1068 1949 1351">
    <p class='ocr_par' dir='ltr' id='par_1_6' title="bbox 266 1068 1949 1351">
     <span class='ocr_line' id='line_1_12' title="bbox 385 1068 1947 1125; baseline 0.001 -12"><span class='ocrx_word' id='word_1_62' title='bbox 385 1074 408 1113; x_wconf 89' lang='lat'>1</span> <span class='ocrx_word' id='word_1_63' title='bbox 442 1068 556 1125; x_wconf 89' lang='lat' dir='ltr'>quid</span> <span class='ocrx_word' id='word_1_64' title='bbox 591 1068 683 1112; x_wconf 87' lang='lat' dir='ltr'>tibi</span> <span class='ocrx_word' id='word_1_65' title='bbox 719 1083 819 1113; x_wconf 75' lang='lat' dir='ltr'>una</span> <span class='ocrx_word' id='word_1_66' title='bbox 855 1083 958 1114; x_wconf 80' lang='lat' dir='ltr'>cum</span> <span class='ocrx_word' id='word_1_67' title='bbox 993 1070 1178 1124; x_wconf 78' lang='lat' dir='ltr'>fabulae</span> <span class='ocrx_word' id='word_1_68' title='bbox 1216 1070 1396 1113; x_wconf 68' lang='lat' dir='ltr'>‘nomine</span> <span class='ocrx_word' id='word_1_69' title='bbox 1434 1070 1604 1114; x_wconf 72' lang='lat' dir='ltr'>lamma</span> <span class='ocrx_word' id='word_1_70' title='bbox 1633 1071 1867 1115; x_wconf 73' lang='lat' dir='ltr'><strong><em>intercidit</em></strong></span> <span class='ocrx_word' id='word_1_71' title='bbox 1896 1071 1947 1114; x_wconf 75' lang='lat' dir='ltr'>in</span> 
     </span>
     <span class='ocr_line' id='line_1_13' title="bbox 266 1127 1827 1187; baseline 0 -13"><span class='ocrx_word' id='word_1_72' title='bbox 266 1130 333 1174; x_wconf 80' lang='lat' dir='ltr'>ed.</span> <span class='ocrx_word' id='word_1_73' title='bbox 364 1128 492 1175; x_wconf 83' lang='lat' dir='ltr'>Med.</span> <span class='ocrx_word' id='word_1_74' title='bbox 583 1127 794 1184; x_wconf 86' lang='lat' dir='ltr'>acceptio</span> <span class='ocrx_word' id='word_1_75' title='bbox 819 1127 930 1173; x_wconf 81' lang='lat' dir='ltr'>Par.</span> <span class='ocrx_word' id='word_1_76' title='bbox 955 1128 1105 1187; x_wconf 77' lang='lat' dir='ltr'>Luyd.</span> <span class='ocrx_word' id='word_1_77' title='bbox 1130 1129 1294 1174; x_wconf 81' lang='lat' dir='ltr'>Dresd.</span> <span class='ocrx_word' id='word_1_78' title='bbox 1388 1129 1460 1172; x_wconf 85' lang='lat' dir='ltr'>est</span> <span class='ocrx_word' id='word_1_79' title='bbox 1489 1142 1571 1173; x_wconf 86' lang='lat' dir='ltr'>om.</span> <span class='ocrx_word' id='word_1_80' title='bbox 1604 1129 1701 1173; x_wconf 82' lang='lat' dir='ltr'>edd.</span> <span class='ocrx_word' id='word_1_81' title='bbox 1725 1135 1827 1174; x_wconf 79' lang='lat' dir='ltr'>vett.</span> 
     </span>
     <span class='ocr_line' id='line_1_14' title="bbox 268 1185 1949 1245; baseline -0.001 -13"><span class='ocrx_word' id='word_1_82' title='bbox 268 1193 294 1232; x_wconf 82' lang='lat'><strong>2</strong></span> <span class='ocrx_word' id='word_1_83' title='bbox 334 1185 597 1244; x_wconf 87' lang='lat' dir='ltr'>argumenti</span> <span class='ocrx_word' id='word_1_84' title='bbox 635 1187 746 1232; x_wconf 81' lang='lat' dir='ltr'>Par.</span> <span class='ocrx_word' id='word_1_85' title='bbox 786 1186 937 1245; x_wconf 63' lang='lat' dir='ltr'>Iahyd.</span> <span class='ocrx_word' id='word_1_86' title='bbox 1059 1200 1215 1231; x_wconf 84' lang='lat' dir='ltr'>amore</span> <span class='ocrx_word' id='word_1_87' title='bbox 1259 1187 1432 1244; x_wconf 50' lang='grc' dir='ltr'><em>θανά,</em></span> <span class='ocrx_word' id='word_1_88' title='bbox 1477 1187 1629 1232; x_wconf 76' lang='lat' dir='ltr'>Luchs</span> <span class='ocrx_word' id='word_1_89' title='bbox 1659 1202 1709 1244; x_wconf 76' lang='lat' dir='ltr'>p.</span> <span class='ocrx_word' id='word_1_90' title='bbox 1744 1193 1768 1231; x_wconf 81' lang='lat'><strong>7</strong></span> <span class='ocrx_word' id='word_1_91' title='bbox 1773 1193 1798 1231; x_wconf 83' lang='lat'><strong>2</strong></span> <span class='ocrx_word' id='word_1_92' title='bbox 1844 1201 1949 1231; x_wconf 89' lang='lat' dir='ltr'>meo</span> 
     </span>
     <span class='ocr_line' id='line_1_15' title="bbox 268 1246 1949 1304; baseline 0.001 -14"><span class='ocrx_word' id='word_1_93' title='bbox 268 1259 422 1291; x_wconf 88' lang='lat' dir='ltr'>amore</span> <span class='ocrx_word' id='word_1_94' title='bbox 453 1263 488 1304; x_wconf 86' lang='grc' dir='ltr'>φ</span> <span class='ocrx_word' id='word_1_95' title='bbox 579 1246 760 1291; x_wconf 84' lang='lat' dir='ltr'>Iambos</span> <span class='ocrx_word' id='word_1_96' title='bbox 789 1247 1025 1292; x_wconf 75' lang='lat' dir='ltr'>constituit</span> <span class='ocrx_word' id='word_1_97' title='bbox 1053 1247 1228 1303; x_wconf 76' lang='lat' dir='ltr'>Luchs,</span> <span class='ocrx_word' id='word_1_98' title='bbox 1268 1252 1373 1291; x_wconf 73' lang='lat' dir='ltr'>ante</span> <span class='ocrx_word' id='word_1_99' title='bbox 1411 1260 1538 1303; x_wconf 73' lang='lat' dir='ltr'>quem</span> <span class='ocrx_word' id='word_1_100' title='bbox 1567 1248 1764 1292; x_wconf 80' lang='lat' dir='ltr'><em>trochaei</em></span> <span class='ocrx_word' id='word_1_101' title='bbox 1801 1248 1949 1292; x_wconf 80' lang='lat' dir='ltr'>trade-</span> 
     </span>
     <span class='ocr_line' id='line_1_16' title="bbox 270 1307 437 1351; baseline 0.006 -1"><span class='ocrx_word' id='word_1_102' title='bbox 270 1307 437 1351; x_wconf 74' lang='lat' dir='ltr'>bantwr</span> 
     </span>
    </p>
   </div>
   <div class='ocr_carea' id='block_1_7' title="bbox 982 1415 1237 1464">
    <p class='ocr_par' dir='ltr' id='par_1_7' title="bbox 982 1415 1237 1464">
     <span class='ocr_line' id='line_1_17' title="bbox 982 1415 1237 1464; baseline -0.004 0"><span class='ocrx_word' id='word_1_103' title='bbox 982 1415 1237 1464; x_wconf 85' lang='lat' dir='ltr'><strong>HYMNIS</strong></span> 
     </span>
    </p>
   </div>
   <div class='ocr_carea' id='block_1_8' title="bbox 268 1523 1952 1996">
    <p class='ocr_par' dir='ltr' id='par_1_8' title="bbox 268 1523 1952 1996">
     <span class='ocr_line' id='line_1_18' title="bbox 388 1523 1951 1584; baseline -0.001 -14"><span class='ocrx_word' id='word_1_104' title='bbox 388 1525 454 1570; x_wconf 79' lang='lat' dir='ltr'>Cf.</span> <span class='ocrx_word' id='word_1_105' title='bbox 478 1523 643 1584; x_wconf 73' lang='grc' dir='ltr'><strong><em>’Ὗμνις</em></strong></span> <span class='ocrx_word' id='word_1_106' title='bbox 655 1525 914 1570; x_wconf 84' lang='lat' dir='ltr'>Menandri.</span> <span class='ocrx_word' id='word_1_107' title='bbox 947 1524 1238 1569; x_wconf 89' lang='lat' dir='ltr'>Meretricem</span> <span class='ocrx_word' id='word_1_108' title='bbox 1254 1525 1490 1583; x_wconf 80' lang='lat' dir='ltr'>Hymnida</span> <span class='ocrx_word' id='word_1_109' title='bbox 1515 1540 1597 1570; x_wconf 91' lang='lat' dir='ltr'>suo</span> <span class='ocrx_word' id='word_1_110' title='bbox 1623 1539 1728 1570; x_wconf 89' lang='lat' dir='ltr'>aere</span> <span class='ocrx_word' id='word_1_111' title='bbox 1745 1527 1951 1583; x_wconf 87' lang='lat' dir='ltr'>emptam</span> 
     </span>
     <span class='ocr_line' id='line_1_19' title="bbox 269 1584 1948 1642; baseline 0 -13"><span class='ocrx_word' id='word_1_112' title='bbox 269 1598 409 1629; x_wconf 80' lang='lat' dir='ltr'>senex</span> <span class='ocrx_word' id='word_1_113' title='bbox 430 1586 565 1642; x_wconf 85' lang='lat' dir='ltr'>pater</span> <span class='ocrx_word' id='word_1_114' title='bbox 589 1584 673 1629; x_wconf 91' lang='lat' dir='ltr'>alii</span> <span class='ocrx_word' id='word_1_115' title='bbox 690 1585 1001 1642; x_wconf 88' lang='lat' dir='ltr'>desponsurus</span> <span class='ocrx_word' id='word_1_116' title='bbox 1018 1587 1103 1641; x_wconf 85' lang='lat' dir='ltr'>est,</span> <span class='ocrx_word' id='word_1_117' title='bbox 1127 1587 1181 1628; x_wconf 85' lang='lat' dir='ltr'>ut</span> <span class='ocrx_word' id='word_1_118' title='bbox 1198 1584 1377 1629; x_wconf 85' lang='lat' dir='ltr'>amanti</span> <span class='ocrx_word' id='word_1_119' title='bbox 1392 1585 1489 1629; x_wconf 88' lang='lat' dir='ltr'>filio</span> <span class='ocrx_word' id='word_1_120' title='bbox 1507 1599 1637 1642; x_wconf 89' lang='lat' dir='ltr'>spem</span> <span class='ocrx_word' id='word_1_121' title='bbox 1650 1585 1948 1641; x_wconf 85' lang='lat' dir='ltr'>intercludat,</span> 
     </span>
     <span class='ocr_line' id='line_1_20' title="bbox 269 1643 1952 1702; baseline 0.001 -15"><span class='ocrx_word' id='word_1_122' title='bbox 269 1644 322 1689; x_wconf 89' lang='lat' dir='ltr'>fr.</span> <span class='ocrx_word' id='word_1_123' title='bbox 339 1644 372 1688; x_wconf 97' lang='grc' dir='ltr'>Ι.</span> <span class='ocrx_word' id='word_1_124' title='bbox 411 1644 480 1688; x_wconf 90' lang='lat' dir='ltr'>De</span> <span class='ocrx_word' id='word_1_125' title='bbox 505 1643 810 1688; x_wconf 87' lang='lat' dir='ltr'>altercatione</span> <span class='ocrx_word' id='word_1_126' title='bbox 835 1643 1041 1700; x_wconf 86' lang='lat' dir='ltr'>quadam</span> <span class='ocrx_word' id='word_1_127' title='bbox 1062 1645 1211 1688; x_wconf 83' lang='lat' dir='ltr'>restat</span> <span class='ocrx_word' id='word_1_128' title='bbox 1233 1644 1287 1688; x_wconf 86' lang='lat' dir='ltr'>fr.</span> <span class='ocrx_word' id='word_1_129' title='bbox 1304 1644 1381 1689; x_wconf 88' lang='lat'>111.</span> <span class='ocrx_word' id='word_1_130' title='bbox 1420 1644 1801 1702; x_wconf 85' lang='lat' dir='ltr'>Philosophantis</span> <span class='ocrx_word' id='word_1_131' title='bbox 1827 1643 1952 1689; x_wconf 90' lang='lat' dir='ltr'>enim</span> 
     </span>
     <span class='ocr_line' id='line_1_21' title="bbox 268 1702 1950 1760; baseline 0 -13"><span class='ocrx_word' id='word_1_132' title='bbox 268 1702 656 1760; x_wconf 69' lang='lat' dir='ltr'>inportunitatem</span> <span class='ocrx_word' id='word_1_133' title='bbox 678 1702 915 1760; x_wconf 84' lang='lat' dir='ltr'>inpatiens</span> <span class='ocrx_word' id='word_1_134' title='bbox 941 1703 1214 1747; x_wconf 77' lang='lat' dir='ltr'>adulescens</span> <span class='ocrx_word' id='word_1_135' title='bbox 1230 1703 1544 1760; x_wconf 86' lang='lat' dir='ltr'>reprehendit,</span> <span class='ocrx_word' id='word_1_136' title='bbox 1570 1703 1691 1749; x_wconf 87' lang='lat' dir='ltr'>alter</span> <span class='ocrx_word' id='word_1_137' title='bbox 1707 1706 1865 1748; x_wconf 86' lang='lat' dir='ltr'>autem</span> <span class='ocrx_word' id='word_1_138' title='bbox 1879 1703 1950 1747; x_wconf 93' lang='lat' dir='ltr'>in-</span> 
     </span>
     <span class='ocr_line' id='line_1_22' title="bbox 268 1761 1949 1821; baseline 0.001 -16"><span class='ocrx_word' id='word_1_139' title='bbox 268 1761 423 1806; x_wconf 85' lang='lat' dir='ltr'>ridens</span> <span class='ocrx_word' id='word_1_140' title='bbox 448 1762 646 1820; x_wconf 87' lang='lat' dir='ltr'>quaerit,</span> <span class='ocrx_word' id='word_1_141' title='bbox 677 1762 792 1818; x_wconf 90' lang='lat' dir='ltr'>quid</span> <span class='ocrx_word' id='word_1_142' title='bbox 815 1761 866 1806; x_wconf 92' lang='lat' dir='ltr'>ni</span> <span class='ocrx_word' id='word_1_143' title='bbox 888 1762 1003 1819; x_wconf 89' lang='lat' dir='ltr'>ipse,</span> <span class='ocrx_word' id='word_1_144' title='bbox 1028 1776 1134 1806; x_wconf 91' lang='lat' dir='ltr'>cum</span> <span class='ocrx_word' id='word_1_145' title='bbox 1156 1761 1226 1806; x_wconf 87' lang='lat' dir='ltr'>ita</span> <span class='ocrx_word' id='word_1_146' title='bbox 1250 1762 1485 1807; x_wconf 83' lang='lat' dir='ltr'>animatus</span> <span class='ocrx_word' id='word_1_147' title='bbox 1511 1763 1585 1820; x_wconf 89' lang='lat' dir='ltr'>sit,</span> <span class='ocrx_word' id='word_1_148' title='bbox 1609 1763 1769 1820; x_wconf 88' lang='lat' dir='ltr'>gladio</span> <span class='ocrx_word' id='word_1_149' title='bbox 1792 1762 1949 1821; x_wconf 86' lang='lat' dir='ltr'>potius</span> 
     </span>
     <span class='ocr_line' id='line_1_23' title="bbox 269 1821 1949 1866; baseline 0.001 -2"><span class='ocrx_word' id='word_1_150' title='bbox 269 1821 319 1864; x_wconf 94' lang='lat' dir='ltr'>in</span> <span class='ocrx_word' id='word_1_151' title='bbox 356 1821 612 1866; x_wconf 85' lang='lat' dir='ltr'>ferventem</span> <span class='ocrx_word' id='word_1_152' title='bbox 648 1821 782 1866; x_wconf 87' lang='lat' dir='ltr'>illam</span> <span class='ocrx_word' id='word_1_153' title='bbox 825 1824 1029 1865; x_wconf 90' lang='lat' dir='ltr'>scutram</span> <span class='ocrx_word' id='word_1_154' title='bbox 1065 1821 1247 1866; x_wconf 86' lang='lat' dir='ltr'>inruat:</span> <span class='ocrx_word' id='word_1_155' title='bbox 1293 1821 1345 1865; x_wconf 89' lang='lat' dir='ltr'>ni</span> <span class='ocrx_word' id='word_1_156' title='bbox 1373 1821 1543 1866; x_wconf 86' lang='lat' dir='ltr'>mirum</span> <span class='ocrx_word' id='word_1_157' title='bbox 1571 1821 1799 1866; x_wconf 83' lang='lat' dir='ltr'>violentia</span> <span class='ocrx_word' id='word_1_158' title='bbox 1828 1821 1949 1866; x_wconf 89' lang='lat' dir='ltr'>nihil</span> 
     </span>
     <span class='ocr_line' id='line_1_24' title="bbox 269 1879 1949 1937; baseline 0 -13"><span class='ocrx_word' id='word_1_159' title='bbox 269 1879 345 1924; x_wconf 90' lang='lat' dir='ltr'>hic</span> <span class='ocrx_word' id='word_1_160' title='bbox 381 1880 555 1937; x_wconf 89' lang='lat' dir='ltr'>profici.</span> <span class='ocrx_word' id='word_1_161' title='bbox 617 1881 759 1926; x_wconf 90' lang='lat' dir='ltr'>Porro</span> <span class='ocrx_word' id='word_1_162' title='bbox 800 1882 984 1925; x_wconf 86' lang='lat' dir='ltr'>asotum</span> <span class='ocrx_word' id='word_1_163' title='bbox 1023 1880 1369 1925; x_wconf 81' lang='lat' dir='ltr'>adulescentem</span> <span class='ocrx_word' id='word_1_164' title='bbox 1401 1881 1535 1925; x_wconf 90' lang='lat' dir='ltr'>audis</span> <span class='ocrx_word' id='word_1_165' title='bbox 1566 1881 1622 1926; x_wconf 79' lang='lat' dir='ltr'>fr.</span> <span class='ocrx_word' id='word_1_166' title='bbox 1646 1881 1723 1926; x_wconf 90' lang='lat' dir='ltr'>IV.</span> <span class='ocrx_word' id='word_1_167' title='bbox 1748 1881 1825 1927; x_wconf 90' lang='lat' dir='ltr'>VI.</span> <span class='ocrx_word' id='word_1_168' title='bbox 1850 1881 1949 1936; x_wconf 88' lang='lat' dir='ltr'>VH,</span> 
     </span>
     <span class='ocr_line' id='line_1_25' title="bbox 270 1940 868 1996; baseline 0.003 -13"><span class='ocrx_word' id='word_1_169' title='bbox 270 1941 451 1996; x_wconf 84' lang='lat' dir='ltr'>patrem</span> <span class='ocrx_word' id='word_1_170' title='bbox 482 1942 640 1985; x_wconf 88' lang='lat' dir='ltr'>autem</span> <span class='ocrx_word' id='word_1_171' title='bbox 669 1940 723 1985; x_wconf 87' lang='lat' dir='ltr'>fr.</span> <span class='ocrx_word' id='word_1_172' title='bbox 749 1940 868 1985; x_wconf 91' lang='lat' dir='ltr'><strong>VIII.</strong></span> 
     </span>
    </p>
   </div>
   <div class='ocr_carea' id='block_1_9' title="bbox 1100 2037 1126 2084">
    <p class='ocr_par' dir='ltr' id='par_1_9' title="bbox 1100 2037 1126 2084">
     <span class='ocr_line' id='line_1_26' title="bbox 1100 2037 1126 2084; baseline 0 0"><span class='ocrx_word' id='word_1_173' title='bbox 1100 2037 1126 2084; x_wconf 94' lang='lat' dir='ltr'><strong>I</strong></span> 
     </span>
    </p>
   </div>
   <div class='ocr_carea' id='block_1_10' title="bbox 270 2134 1950 2381">
    <p class='ocr_par' dir='ltr' id='par_1_10' title="bbox 270 2134 1950 2381">
     <span class='ocr_line' id='line_1_27' title="bbox 1155 2134 1319 2187; baseline 0 0"><span class='ocrx_word' id='word_1_174' title='bbox 1155 2134 1319 2187; x_wconf 88' lang='lat' dir='ltr'>habes</span> 
     </span>
     <span class='ocr_line' id='line_1_28' title="bbox 270 2221 1950 2294; baseline -0.001 -18"><span class='ocrx_word' id='word_1_175' title='bbox 270 2221 532 2276; x_wconf 74' lang='lat' dir='ltr'>Mil6tida:</span> <span class='ocrx_word' id='word_1_176' title='bbox 572 2240 670 2294; x_wconf 85' lang='lat' dir='ltr'>ego</span> <span class='ocrx_word' id='word_1_177' title='bbox 709 2223 858 2276; x_wconf 80' lang='lat' dir='ltr'>illam</span> <span class='ocrx_word' id='word_1_178' title='bbox 897 2222 1024 2276; x_wconf 90' lang='lat' dir='ltr'>huic</span> <span class='ocrx_word' id='word_1_179' title='bbox 1062 2222 1420 2293; x_wconf 75' lang='lat' dir='ltr'>despondebO,</span> <span class='ocrx_word' id='word_1_180' title='bbox 1459 2225 1513 2276; x_wconf 84' lang='lat' dir='ltr'>et</span> <span class='ocrx_word' id='word_1_181' title='bbox 1549 2224 1713 2294; x_wconf 75' lang='lat' dir='ltr'>gnato</span> <span class='ocrx_word' id='word_1_182' title='bbox 1753 2223 1950 2276; x_wconf 85' lang='lat' dir='ltr'>saltum</span> 
     </span>
     <span class='ocr_line' id='line_1_29' title="bbox 1508 2311 1786 2381; baseline 0.004 -16"><span class='ocrx_word' id='word_1_183' title='bbox 1508 2311 1786 2381; x_wconf 77' lang='lat' dir='ltr'>obsspiam.</span> 
     </span>
    </p>
   </div>
   <div class='ocr_carea' id='block_1_11' title="bbox 275 2426 1952 2662">
    <p class='ocr_par' dir='ltr' id='par_1_11' title="bbox 275 2426 1952 2662">
     <span class='ocr_line' id='line_1_30' title="bbox 390 2426 1950 2484; baseline -0.001 -14"><span class='ocrx_word' id='word_1_184' title='bbox 390 2426 636 2470; x_wconf 90' lang='lat' dir='ltr'>Diomedes</span> <span class='ocrx_word' id='word_1_185' title='bbox 666 2442 711 2483; x_wconf 91' lang='lat' dir='ltr'>p.</span> <span class='ocrx_word' id='word_1_186' title='bbox 738 2431 822 2470; x_wconf 79' lang='lat'>378</span> <span class='ocrx_word' id='word_1_187' title='bbox 847 2427 896 2471; x_wconf 93' lang='lat' dir='ltr'>P.</span> <span class='ocrx_word' id='word_1_188' title='bbox 940 2427 1083 2482; x_wconf 78' lang='lat' dir='ltr'>‘quod</span> <span class='ocrx_word' id='word_1_189' title='bbox 1118 2427 1260 2484; x_wconf 87' lang='lat' dir='ltr'>uulgo</span> <span class='ocrx_word' id='word_1_190' title='bbox 1297 2427 1487 2484; x_wconf 87' lang='lat' dir='ltr'>obsepio</span> <span class='ocrx_word' id='word_1_191' title='bbox 1520 2426 1736 2482; x_wconf 80' lang='lat' dir='ltr'>dicimus,</span> <span class='ocrx_word' id='word_1_192' title='bbox 1770 2428 1950 2472; x_wconf 87' lang='lat' dir='ltr'>ueteres</span> 
     </span>
     <span class='ocr_line' id='line_1_31' title="bbox 277 2483 1952 2543; baseline 0.001 -17"><span class='ocrx_word' id='word_1_193' title='bbox 277 2483 501 2541; x_wconf 90' lang='lat' dir='ltr'>obsipio</span> <span class='ocrx_word' id='word_1_194' title='bbox 534 2485 763 2530; x_wconf 86' lang='lat' dir='ltr'>dixerunt.</span> <span class='ocrx_word' id='word_1_195' title='bbox 818 2484 1047 2530; x_wconf 87' lang='lat' dir='ltr'>Caecilius</span> <span class='ocrx_word' id='word_1_196' title='bbox 1077 2485 1128 2530; x_wconf 92' lang='lat' dir='ltr'>in</span> <span class='ocrx_word' id='word_1_197' title='bbox 1150 2486 1404 2543; x_wconf 82' lang='lat' dir='ltr'>Hymnide:</span> <span class='ocrx_word' id='word_1_198' title='bbox 1436 2486 1600 2530; x_wconf 90' lang='lat' dir='ltr'>habes&#39;</span> <span class='ocrx_word' id='word_1_199' title='bbox 1629 2500 1667 2531; x_wconf 90' lang='lat' dir='ltr'>e.</span> <span class='ocrx_word' id='word_1_200' title='bbox 1692 2501 1734 2542; x_wconf 91' lang='lat' dir='ltr'>q.</span> <span class='ocrx_word' id='word_1_201' title='bbox 1763 2500 1796 2529; x_wconf 93' lang='lat' dir='ltr'>s.</span> <span class='ocrx_word' id='word_1_202' title='bbox 1860 2485 1952 2542; x_wconf 90' lang='lat' dir='ltr'>(im</span> 
     </span>
     <span class='ocr_line' id='line_1_32' title="bbox 275 2542 1951 2602; baseline 0.001 -17"><span class='ocrx_word' id='word_1_203' title='bbox 275 2542 541 2598; x_wconf 79' lang='lat' dir='ltr'>hymnida</span> <span class='ocrx_word' id='word_1_204' title='bbox 563 2545 666 2590; x_wconf 87' lang='lat' dir='ltr'>Par.</span> <span class='ocrx_word' id='word_1_205' title='bbox 683 2545 726 2588; x_wconf 90' lang='lat' dir='ltr'>A</span> <span class='ocrx_word' id='word_1_206' title='bbox 749 2546 810 2601; x_wconf 86' lang='lat' dir='ltr'>et,</span> <span class='ocrx_word' id='word_1_207' title='bbox 833 2544 927 2588; x_wconf 86' lang='lat' dir='ltr'>nisi</span> <span class='ocrx_word' id='word_1_208' title='bbox 950 2545 1076 2601; x_wconf 89' lang='lat' dir='ltr'>quod</span> <span class='ocrx_word' id='word_1_209' title='bbox 1098 2545 1176 2602; x_wconf 91' lang='lat' dir='ltr'>in,</span> <span class='ocrx_word' id='word_1_210' title='bbox 1210 2545 1389 2591; x_wconf 85' lang='lat' dir='ltr'>Monac.</span> <span class='ocrx_word' id='word_1_211' title='bbox 1415 2546 1570 2591; x_wconf 90' lang='lat' dir='ltr'>Par.B</span> <span class='ocrx_word' id='word_1_212' title='bbox 1598 2544 1670 2588; x_wconf 90' lang='lat' dir='ltr'>im</span> <span class='ocrx_word' id='word_1_213' title='bbox 1693 2543 1951 2602; x_wconf 82' lang='lat' dir='ltr'>hymnita</span> 
     </span>
     <span class='ocr_line' id='line_1_33' title="bbox 279 2601 1059 2662; baseline 0.004 -17"><span class='ocrx_word' id='word_1_214' title='bbox 279 2601 377 2645; x_wconf 88' lang='lat' dir='ltr'>cod.</span> <span class='ocrx_word' id='word_1_215' title='bbox 411 2601 637 2660; x_wconf 80' lang='lat' dir='ltr'>Scioppii,</span> <span class='ocrx_word' id='word_1_216' title='bbox 671 2617 758 2648; x_wconf 91' lang='lat' dir='ltr'>om.</span> <span class='ocrx_word' id='word_1_217' title='bbox 792 2604 895 2648; x_wconf 90' lang='lat' dir='ltr'>edd.</span> <span class='ocrx_word' id='word_1_218' title='bbox 927 2606 1059 2662; x_wconf 84' lang='lat' dir='ltr'>vett.)</span> 
     </span>
    </p>
   </div>
   <div class='ocr_carea' id='block_1_12' title="bbox 277 2704 1953 3000">
    <p class='ocr_par' dir='ltr' id='par_1_12' title="bbox 277 2704 1953 3000">
     <span class='ocr_line' id='line_1_34' title="bbox 397 2704 1953 2764; baseline 0.004 -18"><span class='ocrx_word' id='word_1_219' title='bbox 397 2708 420 2746; x_wconf 92' lang='lat'>1</span> <span class='ocrx_word' id='word_1_220' title='bbox 451 2704 597 2749; x_wconf 85' lang='lat' dir='ltr'>habes</span> <span class='ocrx_word' id='word_1_221' title='bbox 629 2707 738 2752; x_wconf 82' lang='lat' dir='ltr'>Par.</span> <span class='ocrx_word' id='word_1_222' title='bbox 757 2706 804 2750; x_wconf 84' lang='lat' dir='ltr'><strong><em>A</em></strong></span> <span class='ocrx_word' id='word_1_223' title='bbox 835 2707 1036 2764; x_wconf 69' lang='lat' dir='ltr'>Monac,</span> <span class='ocrx_word' id='word_1_224' title='bbox 1069 2708 1179 2752; x_wconf 83' lang='lat' dir='ltr'>Par.</span> <span class='ocrx_word' id='word_1_225' title='bbox 1198 2707 1243 2751; x_wconf 91' lang='lat' dir='ltr'><em>B</em></span> <span class='ocrx_word' id='word_1_226' title='bbox 1273 2721 1331 2751; x_wconf 87' lang='lat' dir='ltr'>m.</span> <span class='ocrx_word' id='word_1_227' title='bbox 1357 2712 1397 2763; x_wconf 83' lang='lat'>2,</span> <span class='ocrx_word' id='word_1_228' title='bbox 1429 2708 1523 2752; x_wconf 83' lang='lat' dir='ltr'>cod.</span> <span class='ocrx_word' id='word_1_229' title='bbox 1557 2707 1762 2764; x_wconf 76' lang='lat' dir='ltr'>Scioppii</span> <span class='ocrx_word' id='word_1_230' title='bbox 1790 2708 1953 2764; x_wconf 76' lang='lat' dir='ltr'>(loqui-</span> 
     </span>
     <span class='ocr_line' id='line_1_35' title="bbox 277 2765 1830 2828; baseline 0.003 -22"><span class='ocrx_word' id='word_1_231' title='bbox 277 2767 354 2807; x_wconf 71' lang='grc' dir='ltr'>των</span> <span class='ocrx_word' id='word_1_232' title='bbox 390 2777 492 2828; x_wconf 61' lang='lat' dir='ltr'>cmm</span> <span class='ocrx_word' id='word_1_233' title='bbox 529 2766 684 2810; x_wconf 79' lang='lat' dir='ltr'>lemme</span> <span class='ocrx_word' id='word_1_234' title='bbox 722 2768 872 2823; x_wconf 73' lang='lat' dir='ltr'>senex)</span> <span class='ocrx_word' id='word_1_235' title='bbox 913 2765 1015 2810; x_wconf 91' lang='lat' dir='ltr'>abis</span> <span class='ocrx_word' id='word_1_236' title='bbox 1055 2767 1164 2811; x_wconf 80' lang='lat' dir='ltr'>Par.</span> <span class='ocrx_word' id='word_1_237' title='bbox 1190 2767 1236 2810; x_wconf 93' lang='lat' dir='ltr'><em>B</em></span> <span class='ocrx_word' id='word_1_238' title='bbox 1266 2780 1323 2810; x_wconf 87' lang='lat' dir='ltr'>m.</span> <span class='ocrx_word' id='word_1_239' title='bbox 1349 2780 1445 2822; x_wconf 60' lang='lat' dir='ltr'>pr„</span> <span class='ocrx_word' id='word_1_240' title='bbox 1485 2780 1568 2811; x_wconf 87' lang='lat' dir='ltr'>om.</span> <span class='ocrx_word' id='word_1_241' title='bbox 1600 2767 1698 2811; x_wconf 80' lang='lat' dir='ltr'>edd.</span> <span class='ocrx_word' id='word_1_242' title='bbox 1730 2771 1830 2810; x_wconf 80' lang='lat' dir='ltr'>vett.</span> 
     </span>
     <span class='ocr_line' id='line_1_36' title="bbox 279 2820 1948 2887; baseline 0.003 -24"><span class='ocrx_word' id='word_1_243' title='bbox 279 2825 305 2863; x_wconf 83' lang='lat'>2</span> <span class='ocrx_word' id='word_1_244' title='bbox 337 2820 552 2887; x_wconf 66' lang='lat' dir='ltr'>Miletida</span> <span class='ocrx_word' id='word_1_245' title='bbox 574 2824 772 2869; x_wconf 79' lang='lat' dir='ltr'>Bothius</span> <span class='ocrx_word' id='word_1_246' title='bbox 802 2824 1067 2869; x_wconf 85' lang='lat' dir='ltr'>Miletidam</span> <span class='ocrx_word' id='word_1_247' title='bbox 1089 2842 1138 2882; x_wconf 81' lang='lat' dir='ltr'>m,</span> <span class='ocrx_word' id='word_1_248' title='bbox 1170 2841 1201 2869; x_wconf 88' lang='lat' dir='ltr'>a</span> <span class='ocrx_word' id='word_1_249' title='bbox 1225 2824 1420 2870; x_wconf 78' lang='lat' dir='ltr'>Caecilio</span> <span class='ocrx_word' id='word_1_250' title='bbox 1449 2826 1605 2881; x_wconf 77' lang='lat' dir='ltr'>utique</span> <span class='ocrx_word' id='word_1_251' title='bbox 1634 2826 1837 2870; x_wconf 73' lang='lat' dir='ltr'>alienum</span> <span class='ocrx_word' id='word_1_252' title='bbox 1857 2826 1948 2869; x_wconf 84' lang='lat' dir='ltr'>vid.</span> 
     </span>
     <span class='ocr_line' id='line_1_37' title="bbox 277 2878 1952 2942; baseline 0.003 -21"><span class='ocrx_word' id='word_1_253' title='bbox 277 2878 597 2924; x_wconf 77' lang='lat' dir='ltr'>mulierculam</span> <span class='ocrx_word' id='word_1_254' title='bbox 625 2884 722 2928; x_wconf 82' lang='lat' dir='ltr'>edd.</span> <span class='ocrx_word' id='word_1_255' title='bbox 747 2889 845 2929; x_wconf 79' lang='lat' dir='ltr'>vett.</span> <span class='ocrx_word' id='word_1_256' title='bbox 938 2886 986 2928; x_wconf 88' lang='lat' dir='ltr'>et</span> <span class='ocrx_word' id='word_1_257' title='bbox 1015 2885 1128 2928; x_wconf 88' lang='lat' dir='ltr'>nato</span> <span class='ocrx_word' id='word_1_258' title='bbox 1158 2885 1319 2942; x_wconf 86' lang='lat' dir='ltr'>(gnato</span> <span class='ocrx_word' id='word_1_259' title='bbox 1345 2884 1622 2942; x_wconf 67' lang='lat' dir='ltr'>Spewyelius)</span> <span class='ocrx_word' id='word_1_260' title='bbox 1651 2884 1784 2942; x_wconf 75' lang='lat' dir='ltr'><strong><em>vulyo</em></strong></span> <span class='ocrx_word' id='word_1_261' title='bbox 1816 2885 1863 2927; x_wconf 89' lang='lat' dir='ltr'>et</span> <span class='ocrx_word' id='word_1_262' title='bbox 1895 2897 1952 2927; x_wconf 86' lang='lat' dir='ltr'>ex</span> 
     </span>
     <span class='ocr_line' id='line_1_38' title="bbox 277 2939 1492 3000; baseline 0.006 -19"><span class='ocrx_word' id='word_1_263' title='bbox 277 2939 390 2982; x_wconf 87' lang='lat' dir='ltr'>nato</span> <span class='ocrx_word' id='word_1_264' title='bbox 421 2939 578 2996; x_wconf 64' lang='lat' dir='ltr'>Pam,</span> <span class='ocrx_word' id='word_1_265' title='bbox 610 2943 703 2987; x_wconf 82' lang='lat' dir='ltr'>cod.</span> <span class='ocrx_word' id='word_1_266' title='bbox 738 2942 942 3000; x_wconf 77' lang='lat' dir='ltr'>Scioppii</span> <span class='ocrx_word' id='word_1_267' title='bbox 972 2945 1020 2987; x_wconf 88' lang='lat' dir='ltr'>et</span> <span class='ocrx_word' id='word_1_268' title='bbox 1050 2957 1107 2987; x_wconf 83' lang='lat' dir='ltr'>ex</span> <span class='ocrx_word' id='word_1_269' title='bbox 1137 2944 1270 2987; x_wconf 86' lang='lat' dir='ltr'>tanto</span> <span class='ocrx_word' id='word_1_270' title='bbox 1305 2942 1492 2988; x_wconf 74' lang='lat' dir='ltr'>Monac.</span> 
     </span>
    </p>
   </div>
  </div>
 </body>
</html>
