2060 3140
245 138 355 190 240
891 135 939 179 L.
969 133 1276 178 AFRANIVS

243 272 297 313 ut
326 285 369 326 p.
397 274 481 314 509
515 270 566 324 ω)
605 266 866 323 ‘Turpilius
897 266 1042 310 Pedio
1074 259 1175 325 [XT]
1208 266 1393 311 Cassius
1424 266 1623 311 Hemina
1757 267 1922 310 huma-

243 328 370 373 nitus
403 330 616 386 aguntur.
679 325 899 370 Afranius
930 325 1218 381 Repudiato:
1251 327 1445 381 quanto’
1474 340 1511 370 e.
1538 341 1580 382 q.
1608 341 1642 370 s.

366 437 387 474 1
421 429 637 474 fallacius
661 430 740 473 Ba
837 433 863 471 2
897 442 1047 484 aequo
1073 429 1308 473 Mei-cerus
1339 442 1457 484 equo
1488 439 1526 485 ψ
1561 442 1647 486 ego
1673 430 1718 473 P
1803 429 1923 473 ferre

244 493 310 536 ed.
337 507 378 535 a.
406 494 518 533 1476
554 489 649 532 fere
679 498 718 544 ψ
750 487 848 531 fore
880 488 927 531 P

1045 641 1118 688 IV

421 769 430 778 .
507 724 683 795 perdit
720 724 905 795 ingeni
943 724 1267 778 inbecillitas

244 814 553 884 Turbatque
591 831 698 883 me,
739 832 844 882 quo
884 814 1049 866 setius
1086 832 1172 866 me
1211 814 1475 885 c6lligam.

360 931 507 985 IVsq.
541 928 777 974 Charisius
808 945 852 986 p.
881 934 965 973 195
996 929 1046 974 P.
1083 929 1292 974 ‘setius
1323 944 1406 986 pro
1438 929 1591 974 minus
1624 930 1844 975 Afranius
1875 930 1926 974 in

208 1044 222 1056 .
242 989 508 1046 Repudiato
541 989 644 1047 [IV]
677 988 909 1044 sequius
940 988 1067 1032 idem
1095 989 1146 1032 in
1177 989 1341 1034 eodem
1373 989 1487 1048 [V].’

364 1097 387 1135 1
420 1091 581 1148 ingeni
610 1093 776 1149 scripsi
803 1091 968 1149 ingens
996 1095 1090 1137 eod.
1183 1098 1209 1136 2
1241 1092 1495 1148 turbatque
1525 1107 1599 1137 me
1631 1107 1722 1149 quo
1755 1095 1927 1138 conieci

243 1153 326 1195 tua
358 1165 476 1206 equo
507 1152 603 1195 cod.
731 1150 895 1210 (nisi)
927 1150 1161 1208 inpediret
1190 1151 1220 1196 i.
1245 1151 1275 1196 i.
1309 1151 1555 1208 Metusque
1586 1166 1659 1196 me
1690 1166 1783 1208 quo
1818 1154 1926 1197 olim

237 1211 459 1268 proposui
494 1209 659 1266 ingens
691 1209 873 1266 inpedit
902 1210 1222 1255 ‘Imbecillitas
1253 1213 1337 1254 tua
1366 1224 1440 1254 me
1472 1225 1564 1267 quo
1596 1212 1700 1257 Bue

1060 1364 1108 1410 V

245 1447 362 1518 Sin,
400 1448 455 1500 id
495 1448 637 1517 quod
674 1467 782 1501 non
821 1450 975 1517 spero
986 1491 1000 1518 ,
1038 1448 1176 1501 ratio
1216 1449 1339 1501 talis
1378 1449 1596 1519 sequius
1634 1450 1883 1503 ceciderit

361 1563 549 1619 sequius
577 1571 876 1621 anapaestum
903 1579 1096 1622 aequare
1119 1554 1443 1611 demonstravit
1467 1566 1791 1611 Fleckeiseuus
1811 1581 1925 1611 onus.

242 1623 386 1667 Rhen.
413 1628 454 1680 8,
481 1629 579 1680 222,
613 1638 743 1682 quem
771 1639 852 1669 uec
878 1624 1121 1669 Oorssenus
1150 1626 1291 1682 symb.
1316 1626 1415 1670 crit.
1442 1640 1490 1682 p.
1512 1629 1537 1669 7
1567 1640 1647 1671 uec
1674 1626 1927 1671 Muellerus

235 1684 418 1739 prosod.
443 1683 600 1728 Plaut.
625 1687 711 1727 467
742 1685 962 1739 refutavit

1048 1838 1120 1886 VI

875 1941 972 1993 age
1012 1925 1163 1975 curre
1203 1923 1402 1976 chsim
1441 1923 1508 1975 ad
1544 1922 1851 1977 Numisium
1910 1945 1916 1952 ·

157 2007 240 2047 295
261 1993 496 2048 Occulto.

363 2095 600 2141 Charisius
631 2112 674 2153 p.
697 2100 781 2141 186
813 2097 863 2142 Ρ.
899 2097 1169 2154 ‘occult0‚
1202 2099 1255 2142 ut
1286 2098 1440 2143 falso.’

1033 2260 1132 2308 VII

1215 2330 1453 2398 pauxillo
1493 2330 1642 2399 prius

245 2399 333 2453 Me
371 2402 636 2455 conuenit.

365 2501 600 2546 Charisius
631 2518 675 2560 p.
697 2508 779 2548 191
812 2504 861 2548 P.
899 2503 1183 2561 ‘pauxillo
1214 2502 1406 2560 prius.'

1019 2666 1144 2714 VHI

358 2747 547 2802 Festus
584 2769 634 2818 p.
660 2750 769 2803 334
802 2749 875 2803 M.
915 2750 1306 2821 ‘sexagenarios
1345 2750 1408 2803 de
1447 2754 1610 2820 ponte
1648 2782 1722 2789 —-
1753 2783 1822 2788 -
1856 2782 1926 2788 —

248 2852 473 2889 uanam
536 2841 743 2891 autem
806 2839 1171 2908 opinionem
1233 2838 1303 2891 de
1369 2842 1561 2908 ponte
1622 2839 1924 2893 Tiberino

251 2924 666 2979 confirmauit
711 2925 1018 2980 Afranius
1069 2928 1133 2979 in
1179 2926 1573 2995 Repudiato?
