2060 3140
188 105 222 158 6
742 104 980 150 ENNIVS.
1042 103 1306 148 NAEvrvs
1391 157 1394 159 Α

987 245 1063 292 ΙΠ

190 327 306 392 Quo
333 332 474 382 minc
497 347 580 381 me
606 328 790 381 ducis?
815 359 884 366 —
908 326 1034 381 'Vbi
1056 327 1319 381 molarum
1342 329 1626 398 strepitum
1649 328 1858 382 audibis

1242 435 1552 472 maximum.

303 516 481 561 Nonius
499 522 599 575 506,
617 522 643 561 2
679 517 915 561 ‘audibo
942 531 1028 574 pro
1061 516 1263 562 audiam.
1309 516 1485 561 Ennius
1510 516 1762 563 Telamone

185 575 311 620 idem
341 575 828 621 Panchratiastis:
861 576 970 631 quo’
1005 589 1044 620 e.
1069 590 1112 632 q.
1139 590 1173 620 s.

112 697 114 699 .
303 664 417 707 diois
443 664 580 709 BaH
675 643 923 708 molarium
946 665 1003 708 H
1013 665 1078 709 W
1100 664 1342 721 molarum,
1373 678 1599 722 suprascr.
1623 665 1654 721 i,
1687 665 1730 709 L
1760 679 1856 708 mo-

184 722 350 767 lariam
381 723 459 768 Ba
548 722 628 768 An
658 723 887 780 crepitum
916 729 969 769 ut
998 724 1142 769 Naev.
1169 727 1284 769 114?
1382 723 1567 768 audiuis
1600 724 1699 768 LP

299 810 433 864 Quod
485 810 673 856 incertis
728 810 979 856 comoediis
1035 811 1147 856 olim
1201 811 1558 856 adscribebatur.
1599 811 1653 856 fr.
1687 811 1854 870 (Diom.

181 885 224 926 p.
253 873 337 914 305
362 869 431 927 P.)
463 870 524 914 ad
556 871 746 915 annales
779 873 837 928 (v.
865 873 967 929 195)
998 870 1236 915 revocavit
1266 886 1308 916 x.

671 1100 822 1171 CN.
879 1100 1375 1173 NAEVIVS

605 1339 609 1343 Α
736 1274 1298 1326 AGONTIZOMENOS

296 1371 361 1416 Cf.
388 1370 754 1430 Ἀκοντιζόμενος
783 1372 1018 1430 Dionysii,
1043 1371 1384 1430 Ἀκοντιζομένῃ
1417 1372 1713 1430 Antiphanis.

1006 1484 1032 1531 I

177 1565 623 1621 Acontizomenos
662 1568 844 1621 fabula
883 1571 964 1621 est
1000 1567 1174 1637 prime
1209 1567 1393 1637 proba.

296 1668 531 1712 Charisius
555 1684 599 1726 p.
619 1673 702 1713 188
718 1669 768 1713 Ρ.
804 1668 1006 1726 ‘prime
1028 1668 1225 1713 Plautus
1256 1669 1307 1712 in
1340 1668 1386 1728 <.
1408 1705 1415 1712 .
1438 1705 1445 1713 .
1467 1705 1475 1713 .
1500 1668 1615 1713 item
1645 1668 1853 1713 Naeuius
1876 1717 1882 1723 ³

175 1726 261 1793 in>
286 1727 669 1795 Acontizomeno:
694 1728 1101 1773 Aoontizomenus’
1122 1742 1159 1773 e.
1179 1742 1222 1783 q.
1241 1742 1275 1772 s.
1302 1727 1555 1786 (supplevit
1577 1728 1649 1772 Fr.
1669 1727 1855 1772 Schoel-

177 1785 267 1830 lius
301 1787 361 1830 ad
391 1787 549 1831 Plauti
579 1787 712 1833 Truc.
737 1790 842 1846 454)

293 1875 681 1920 Acontizomenus
712 1877 807 1922 eod.
832 1877 905 1921 De
935 1877 1251 1922 terminatione
1280 1878 1333 1921 i‘n
1356 1890 1406 1920 os
1431 1877 1532 1922 vide
1556 1876 1854 1922 Ritseheliwm

175 1947 323 1990 opusc.
348 1935 413 1979 IV
436 1939 521 1979 233

986 2002 1037 2049 H

177 2076 351 2136 Huius
391 2087 568 2138 alitem
607 2088 801 2157 gnatus
841 2076 1037 2139 dicitur
1073 2086 1346 2156 geminum
1384 2085 1612 2138 alterum

177 2172 332 2226 Falso
373 2174 641 2228 occidisse.

295 2273 528 2318 Charisius
574 2291 618 2332 p.
661 2280 745 2320 179
776 2276 826 2320 Ρ.
877 2275 1051 2319 ‘falso
1098 2274 1305 2318 Naeuius
1360 2273 1409 2318 in
1464 2275 1850 2321 Acontizomeno:

175 2331 330 2376 huius’
366 2346 403 2393 e.
429 2348 471 2390 q.
499 2349 532 2379 s.

980 2400 1057 2448 III

177 2480 446 2534 Sublustri
484 2487 647 2536 noctu
684 2483 954 2537 interfecit

294 2582 529 2627 Charisius
551 2600 595 2641 p.
617 2589 700 2629 185
717 2585 766 2629 Ρ.
803 2586 998 2629 ‘noctu
1030 2584 1240 2641 diuque
1265 2584 1517 2629 Sallustius
1551 2585 1851 2629 historiarum

176 2641 399 2687 seeundo:
431 2645 572 2687 noctu
604 2644 776 2700 diuque
809 2644 1035 2689 stationes
1067 2645 1114 2688 et
1144 2643 1334 2700 uigilias
1365 2645 1608 2701 temptare.
1665 2646 1716 2688 at
1738 2657 1848 2687 uero

175 2699 376 2744 Titinius
403 2737 411 2744 .
433 2737 440 2744 .
463 2738 470 2745 .
494 2704 637 2746 noctu
678 2704 873 2759 diusque
900 2740 907 2749 .
930 2741 938 2749 .
961 2741 968 2749 .
994 2702 1202 2747 Naeuius
1242 2702 1290 2746 in
1330 2702 1715 2748 Acontizomeno:
1756 2703 1848 2746 sul-

177 2758 290 2816 picii
319 2774 364 2804 n.
397 2759 446 2803 i.’
481 2761 919 2816 (aootizomenos
951 2762 1071 2820 cod..)

294 2847 517 2953 {iubluztri
546 2851 614 2894 vel
644 2850 827 2894 subluci
848 2853 1030 2898 conieci.
1062 2850 1248 2908 sulpicii
1271 2853 1365 2897 cod.
1409 2851 1488 2896 An
1519 2850 1759 2907 suppliciis
1783 2851 1851 2895 vel

175 2921 293 2963 supp
332 2920 432 2951 oem
