2060 3140
279 143 386 227 166
825 228 836 239 .
983 171 1244 217 Trrmrvs

275 394 519 451 Nimium
558 399 610 449 te
647 395 971 465 patr6cinari
1010 395 1198 447 censeo
1236 390 1552 466 benigniter.

393 497 572 541 Nonius
612 500 719 551 510,
753 500 806 539 11
857 493 1215 551 ‘benigniter
1258 508 1342 551 pro
1387 494 1621 552 benigne.’
1685 493 1950 539 Priscianus

277 560 391 600 1010
422 557 470 600 P.
537 554 779 599 ‘seueriter
821 567 905 610 pro
953 566 1125 597 seuere.
1187 552 1389 597 Titinius
1433 553 1484 598 in
1529 553 1674 598 Prilia
1707 591 1716 598 .
1745 589 1754 598 .
1782 590 1791 599 .
1823 553 1950 598 idem

274 614 590 669 blanditer,
623 612 986 670 benigniter.’
1021 611 1106 670 (Cf.
1138 611 1274 669 XIV).

391 687 635 731 minimum
665 687 724 730 P*
827 684 978 730 sentio
1010 685 1244 731 Mercerws

1090 795 1140 843 X.

187 896 242 935 50
276 880 450 935 Simul
487 884 548 934 ut
586 899 776 950 pueras
812 874 970 933 hasce
1008 882 1164 932 nocte
1202 879 1468 950 suspirare
1506 880 1652 932 creui
1691 922 1702 933 .
1743 922 1754 932 .

390 981 654 1026 Priscianus
685 997 730 1038 p.
749 985 835 1026 898
859 980 908 1026 Ρ.
945 981 1099 1025 ‘cerno
1131 979 1287 1025 creui
1312 1017 1321 1025 .
1343 1016 1381 1025 ..
1407 979 1552 1025 etiam
1574 994 1685 1024 cum·
1702 994 1785 1037 pro
1809 979 1949 1025 uideo

275 1040 514 1098 accipitur.
576 1040 778 1085 Titinius
810 1040 860 1084 in
891 1037 1108 1086 Gemina:
1141 1039 1280 1084 simul
1313 1076 1322 1084 .
1351 1076 1358 1084 .
1387 1076 1396 1084 .
1429 1038 1569 1095 creui,
1599 1053 1683 1096 pro
1716 1038 1871 1083 uidi.’

390 1130 529 1174 hasce
560 1130 724 1186 scripsi
752 1129 839 1173 has
869 1139 907 1184 ψ
939 1107 1028 1174 hag
1058 1130 1097 1186 (s
1128 1143 1185 1173 m.
1218 1129 1317 1185 alt.)
1347 1126 1490 1173 Barb.
1523 1127 1611 1171 hac
1643 1145 1669 1185 χ
1788 1130 1949 1172 noctes

274 1189 352 1233 Ba
499 1188 585 1233 has
617 1202 703 1245 ego
737 1187 976 1245 Suspirare
1009 1184 1309 1233 Hermannus
1433 1183 1588 1232 Possis
1616 1188 1751 1232 etiam
1780 1200 1950 1244 pucras

272 1247 371 1292 Hac
401 1246 538 1292 n6cte
569 1262 603 1293 e.
637 1263 676 1305 q.
707 1262 741 1292 s.
1078 1308 1149 1359 XI

312 1439 632 1450 .......
672 1400 728 1450 at
765 1398 1066 1449 uestrorum
1105 1395 1299 1465 aliquis
1336 1392 1550 1447 nuntiet

186 1486 287 1554 52]ss
307 1484 587 1555 Geminae,
619 1489 682 1538 ut
719 1504 803 1538 res
841 1485 962 1538 suas
999 1486 1249 1554 procuret
1259 1523 1283 1554 ,ς
1313 1479 1367 1536 et
1403 1479 1629 1537 facessat
1665 1483 1898 1537 aedibus,

389 1586 569 1631 Nonius
595 1591 695 1641 306,
720 1590 775 1630 29
804 1585 1112 1630 ‘facessere
1145 1584 1379 1642 significat
1401 1585 1615 1629 recedere
1639 1620 1651 1630 .
1677 1596 1687 1630 .’
1714 1621 1724 1629 .
1748 1583 1950 1629 Titinius

272 1645 521 1690 Gemine:
554 1645 615 1690 ad
646 1644 835 1701 aliquis’
870 1659 908 1689 e.
934 1660 977 1701 q.
1003 1659 1036 1689 s,

392 1739 414 1777 1
450 1736 501 1778 at
531 1733 608 1778 L?
638 1739 743 1779 teste
777 1733 963 1788 Onions‘,
994 1734 1126 1791 vulyo
1158 1732 1220 1777 ad
1252 1750 1311 1789 φ.·
1342 1747 1407 1777 αν,
1437 1732 1564 1790 agite
1579 1740 1599 1778 i>
1689 1734 1949 1777 uestrorum

273 1792 443 1848 aliquis
474 1794 638 1850 scripsi
669 1791 837 1848 aliquis
870 1791 1014 1850 (aliqb
1045 1793 1140 1850 Ba)
1172 1793 1432 1836 uestrorum
1462 1809 1497 1835 ω
1648 1797 1674 1837 2
1705 1794 1950 1850 sccwndmn

273 1852 592 1896 Hermannum
621 1852 727 1897 dedi
859 1850 1042 1908 gemine
1075 1852 1185 1908 (-ae)
1217 1852 1270 1894 ut
1299 1861 1378 1894 reo
1410 1852 1570 1908 (supra
1601 1865 1627 1896 o
1658 1862 1788 1897 crasa
1820 1866 1840 1895 s
1874 1851 1949 1908 H)

272 1925 379 1954 suas
417 1912 633 1968 procuret
671 1910 867 1955 aedibus
905 1909 1109 1954 facessat
1139 1927 1174 1954 ω
1215 1909 1459 1966 Geminae,
1501 1923 1574 1954 res
1613 1912 1667 1954 ut
1705 1924 1812 1954 suas
1843 1924 1947 1967 pro-

273 1972 421 2025 curet,
461 1969 655 2014 aedibus
694 1969 898 2013 facessat
935 1969 1132 2014 Bothius
1163 1970 1213 2013 at
1244 1968 1414 2025 aliquis
1452 1971 1660 2014 uestrum
1699 1984 1743 2013 n.
1783 1970 1837 2013 ut
1875 1983 1948 2014 res

273 2042 306 2072 s,
338 2040 381 2085 p.
411 2029 418 2088 Ι
446 2025 644 2073 aedibu·’'
667 2024 714 2086 fi,
746 2030 830 2074 del.
863 2027 1100 2085 Geminae,
1131 2042 1165 2073 x

1062 2137 1159 2186 XII

345 2220 572 2294 Longus
602 2238 775 2276 sermo
814 2222 1065 2292 habetur,
1102 2223 1412 2275 reudrtetur‘
1443 2220 1629 2291 spissa.

389 2323 569 2367 Nonius
602 2328 713 2381 392„
737 2327 791 2367 15
827 2322 1097 2381 ‘spissum
1128 2321 1365 2379 significat
1395 2323 1528 2367 tarde
1563 2359 1572 2368 .
1607 2361 1618 2369 .
1651 2324 1682 2368 .'

388 2398 616 2443 Baccheos
645 2398 833 2456 ayn'ocit
860 2397 1166 2442 Neukirchius

186 2602 241 2640 55
272 2588 466 2643 Mulier
504 2591 659 2644 credo
689 2590 985 2646 adu6rsum
1023 2590 1178 2643 ill-um
1215 2607 1300 2642 res
1339 2590 1461 2642 suas
1496 2591 1840 2661 conqueritur
1863 2634 1874 2644 .
1899 2634 1911 2646 .
1938 2635 1950 2644 .

389 2691 569 2735 Nonius
603 2696 711 2747 232‚.
735 2696 792 2736 20
826 2691 1159 2736 ‘aduorsum
1188 2702 1375 2734 rursum·
1401 2691 1527 2747 apud
1559 2691 1824 2750 significat?

391 2765 615 2811 Numeros
638 2767 871 2823 perspcaeit
901 2765 1200 2811 How-mannus
1307 2764 1534 2809 aduersus
1564 2779 1598 2811 x
1708 2765 1841 2810 illam
1873 2767 1930 2811 H
1933 2766 1948 2792 ²

1051 2874 1169 2922 XIV

328 2997 338 3006 .
378 2973 504 3026 ergo
543 2960 605 3009 ut
642 2976 737 3010 sua
775 2959 950 3011 seruet
990 2958 1149 3026 dona,
1200 2956 1356 3010 n6bis
1394 2957 1698 3012 faciundum
1738 2960 1819 3011 est
1857 2959 1948 3029 ita,
