2060 3140
788 103 879 150 CN.
912 103 1178 150 NAEvrvs
1748 106 1821 160 25

946 244 1017 292 XI

140 327 449 398 Numquam
496 326 779 399 quisquam
828 328 999 382 amico
1051 328 1251 382 amanti
1300 327 1470 382 amica
1517 329 1679 383 nimis
1727 330 1821 383 fiet

1199 416 1394 487 fidelis,

139 504 254 560 Nec
291 505 452 559 nimis
488 505 755 577 morigera
793 507 847 558 et
886 505 1079 559 deuota
1117 504 1400 577 quisquam
1440 506 1541 560 erit
1579 547 1591 559 .
1631 549 1642 560 .
1683 548 1694 559 .
1734 548 1747 559 .

257 621 493 666 Charisius
524 636 567 678 p.
596 625 681 666 186
705 621 758 669 Ρ.
790 621 1021 666 ‘nimis'

259 724 407 769 lsiet
439 725 684 770 Fabricius
811 728 837 767 2
870 723 960 769 erit
987 723 1191 781 moriger
1221 726 1269 769 et
1296 727 1413 791 nota
1443 727 1537 770 cod.
1569 726 1822 784 (morigera

138 730 282 841 cddl)
293 783 522 841 morigere
560 784 744 828 morata
781 782 886 827 Bue
1004 796 1090 827 nec
1129 782 1219 828 erit
1258 783 1398 850 nimis
1437 784 1666 842 morigere
1704 787 1820 830 nata

141 844 267 899 (olim
295 842 528 900 morigera
558 844 607 886 et
637 843 769 898 uota)
798 844 915 887 coni
1036 841 1206 887 mulier
1235 842 1337 887 uiro
1368 844 1422 888 in
1451 845 1579 889 exitu
1608 845 1821 902 suppleas

935 981 1033 1029 XII

139 1066 383 1120 Primum
421 1067 488 1119 ad
524 1066 781 1120 uirtutem
820 1067 882 1119 lit
919 1065 1168 1136 redeatis,
1205 1065 1410 1120 abeatis
1449 1066 1515 1119 ab
1554 1067 1791 1140 ignauia,

136 1156 299 1210 Domi
345 1159 523 1226 patres
569 1155 800 1225 patriam
846 1157 909 1208 tit
954 1154 1143 1208 colatis
1187 1154 1369 1224 potius
1412 1173 1571 1226 quam
1609 1156 1825 1230 peregri

1195 1243 1408 1313 probra.

256 1344 493 1390 Charisius
530 1360 576 1402 p.
604 1348 688 1389 189
713 1345 762 1390 Ρ.
806 1343 1062 1402 peregri
1109 1346 1290 1401 autem,
1337 1358 1443 1389 cum
1487 1344 1538 1389 in
1583 1346 1686 1390 loco
1734 1348 1818 1391 est.

134 1404 331 1449 Plautus
362 1403 413 1447 in
435 1404 598 1450 Persa.
631 1403 712 1460 qui
743 1417 846 1448 erus
877 1403 1061 1462 peregri
1093 1405 1177 1450 est.
1224 1403 1433 1448 Naeuius
1462 1403 1514 1448 in
1537 1404 1819 1452 Tarentilla·

133 1463 353 1520 primum’
388 1476 427 1509 e.
454 1478 496 1519 q.
524 1478 557 1509 s.
591 1466 723 1521 (nae
754 1463 996 1508 naeuius
1030 1463 1149 1520 cod.)

258 1572 280 1610 1
314 1565 518 1610 redeatis
536 1566 789 1612 Fabricius
811 1565 1015 1610 redactis
1039 1567 1105 1612 cd.
1117 1580 1191 1623 pr.
1224 1566 1429 1611 reductis
1453 1568 1548 1612 cod.
1642 1571 1669 1610 2
1694 1566 1821 1611 domi

138 1626 304 1684 scripsi
327 1625 489 1669 domos
513 1627 624 1682 cod„
648 1631 800 1672 tuctwr
823 1626 927 1671 Buc
950 1626 1057 1671 dccl.
1085 1627 1162 1671 lat.
1182 1630 1259 1671 29:
1291 1627 1368 1671 scd
1390 1627 1448 1683 cf.
1468 1626 1821 1672 CFWMuellcr

130 1685 312 1801 {533ss
338 1685 495 1790 gldciut.
515 1688 600 1728 175
616 1699 678 1742 sq.
768 1685 948 1743 patres]
971 1697 1192 1741 praesens
1215 1686 1281 1730 cd.
1300 1699 1374 1743 pr.
1458 1685 1629 1742 probra
1659 1687 1822 1742 scripsi

918 1824 1041 1872 XIII

138 1893 419 1947 confestim

257 1992 494 2038 Charisius
532 2009 576 2051 p.
605 1999 686 2039 177
713 1994 763 2039 Ρ.
807 1993 1159 2051 ‘confestim‚
1198 1993 1331 2038 uelut
1369 1994 1652 2051 competenti
1689 1994 1822 2039 festi-

137 2053 329 2097 natione
451 2052 698 2098 confestim
734 2066 818 2110 pro
858 2052 1084 2097 continuo
1118 2055 1166 2097 et
1197 2052 1295 2098 sine
1325 2053 1576 2098 interuallo
1696 2053 1818 2098 Nae-

138 2112 243 2156 uius
275 2112 324 2156 in
355 2112 614 2157 Tarentilla
646 2115 694 2157 et
723 2112 774 2156 in
805 2111 1094 2157 Corollaria.’

923 2252 1040 2300 XIV

139 2324 298 2390 atque

257 2421 493 2466 Charisius
530 2437 575 2480 p.
601 2427 689 2467 204
711 2423 762 2468 P.
805 2423 1006 2480 ‘atque
1043 2435 1128 2479 pro
1169 2424 1216 2466 et
1250 2457 1378 2468 .....
1411 2421 1489 2467 Cn.
1522 2421 1732 2467 Naeuius
1769 2422 1821 2467 in

139 2480 408 2538 Agitatoria
439 2481 585 2541 [VH]‚
619 2482 700 2526 sed.
733 2484 781 2527 et
810 2481 859 2526 in
891 2480 1183 2526 Tarentilla.’

138 2689 464 2758 pallucidum
933 2620 1025 2668 XV

257 2790 404 2834 Varro
453 2790 510 2834 de
555 2790 586 2835 1.
625 2791 654 2836 1.
690 2791 775 2835 VH
807 2794 891 2835 108
922 2791 982 2835 Μ.
1036 2790 1179 2847 ‘apud
1225 2789 1457 2835 Naeuium
1501 2791 1550 2834 in
1596 2791 1816 2836 Hesiona.

142 2848 316 2893 in
341 2848 621 2895 Tarentilla:
651 2850 1028 2906 pallucidum‚
1062 2863 1091 2893 a
1120 2849 1223 2894 luce
1253 2849 1467 2896 iHustre.'
1517 2850 1817 2895 tarenti‘lli

139 2907 260 2951 Flor.
351 2907 706 2964 pallucidum
743 2908 1103 2965 Khssmannus,
1150 2908 1275 2964 quod
1312 2908 1405 2954 ioci
1443 2922 1585 2954 causa
1623 2923 1679 2954 ex
1716 2909 1819 2967 pal·

1853 347 1910 387 90
