2060 3140
515 124 564 168 L.
597 122 945 169 POMPONIVS
976 122 1381 169 BONONIENSIS
1677 123 1786 176 285

112 256 244 300 uenit
286 270 391 300 ecce
437 255 564 299 illius
603 269 764 300 uersus
802 256 1110 313 Pomponiani
1149 256 1196 300 in
1236 258 1459 313 mentem,
1503 256 1584 312 qui
1622 258 1693 300 est
1732 270 1788 300 ex

115 314 374 371 Atellania,
407 329 526 370 quae
557 315 743 359 Meuia
775 314 1013 360 scribitur:
1045 315 1162 360 dies’
1190 329 1228 360 e.
1254 331 1296 372 q.
1323 331 1356 360 s.
1390 315 1582 372 (metui
1613 315 1787 359 ascri-

111 374 272 418 bitur
312 373 477 430 optimi
515 373 642 432 libri)
680 373 946 418 Macrobius
985 374 1080 419 Sat.
1109 375 1130 418 I
1168 380 1216 431 4,
1250 380 1305 418 22
1340 375 1503 419 ‘modo
1542 373 1786 430 diequinti,

112 433 251 477 modo
298 432 538 488 diequinte
582 447 666 490 pro
710 433 934 478 aduerbio
982 469 992 478 .
1027 470 1036 478 .
1072 470 1081 479 .
1128 447 1233 478 ecce
1278 433 1411 479 uenit
1454 433 1581 478 illius
1627 446 1788 478 uersus

112 491 421 548 Pomponiani
463 491 514 535 in
550 494 774 549 mentem,
822 491 903 548 qui
948 494 1020 536 est
1065 506 1121 536 ex
1165 492 1424 548 Atellania,
1470 506 1591 550 quae
1631 491 1790 536 Meuia

111 550 403 594 inscribitur:
438 550 555 594 dies’
582 564 619 595 e.
645 566 688 607 q.
716 566 749 596 s.
790 550 994 609 (Mebia
1024 551 1100 595 vel
1130 551 1356 596 Maebia
1385 551 1513 609 libri)

236 640 417 683 sextust
442 639 761 684 Fleckeisenus
782 641 909 696 epist.
924 641 1023 685 crit.
1048 641 1111 685 ad
1134 640 1206 683 M.
1224 640 1463 684 Hei-tzimn
1486 644 1542 684 29
1574 642 1732 683 sextus
1755 657 1792 683 ω

115 697 283 742 tertius
315 698 567 744 Scriverius
702 698 771 742 nil
801 701 1078 744 commendat
1109 699 1429 745 Fleckeisenus
1562 698 1639 743 edi
1670 699 1789 744 Pon-

114 762 254 802 tanus
367 756 442 801 die
475 756 670 814 septime
702 757 943 802 Pantanus
1053 757 1251 801 emoriar
1282 757 1521 815 Scioppius
1553 757 1726 802 moriar
1756 775 1791 801 ω

202 817 278 861 De
305 818 456 872 forma
486 816 730 872 diequarte
760 819 817 872 cf.
851 816 1173 862 Fleckeisenus
1202 817 1231 861 l.
1258 817 1288 860 ἰ.

816 984 1092 1032 MAIALIS

234 1079 473 1125 Glossaria
503 1080 733 1137 excerpsit
763 1080 816 1126 G.
841 1081 1006 1125 Loewe
1035 1081 1195 1125 Prodr.
1219 1086 1319 1125 377.

943 1221 969 1268 Ι

296 1347 308 1357 .
383 1305 590 1358 animos
626 1304 810 1358 Venus
848 1308 1009 1376 neget
1045 1305 1430 1375 uoluptatibus.

237 1405 418 1450 Nonius
452 1406 824 1463 183,1‘ueget
852 1420 939 1473 pro
967 1408 1162 1464 uegetat
1192 1406 1270 1451 uel
1299 1406 1440 1464 erigit
1470 1407 1547 1451 uel
1577 1408 1797 1464 uegetum

120 1467 207 1510 est.
269 1464 551 1522 Pomponius
581 1465 768 1511 Maian:
798 1464 998 1510 amimos’
1025 1480 1068 1511 e
1089 1481 1131 1522 q.
1160 1481 1195 1511 s,

935 1606 987 1653 H

119 1687 341 1741 Miseret
370 1706 455 1741 me
487 1707 686 1759 eorum,
717 1689 815 1759 qui
841 1690 957 1743 sine
988 1690 1174 1743 frustis
1203 1691 1446 1742 uentrem
1473 1690 1798 1742 frustrarunt

469 1788 473 1793 “
1355 1796 1524 1830 suum.

239 1877 419 1982 Ngnius
443 1882 626 1933 473,17
662 1878 902 1924 ‘frustro
933 1893 1017 1977 pro
1045 1879 1253 1923 frustror.
1308 1877 1589 1936 Pomponius
1613 1877 1797 1923 Maiali:

122 1936 288 1981 misere
356 1951 381 1981 e
420 1952 462 1992 q.
491 1952 525 1981 s.

244 2026 492 2071 Trochaeos
521 2028 900 2072 commendantem
926 2027 1201 2073 Muellerum
1226 2028 1406 2084 prosod.
1432 2027 1593 2072 Plaut.
1619 2030 1703 2071 612
1734 2041 1799 2071 se-

120 2091 252 2130 cutus
281 2099 395 2141 sum,
426 2085 597 2131 vambos
625 2086 735 2130 olim
763 2088 1054 2132 exhibueram
1170 2099 1378 2130 meorum
1412 2086 1500 2130 W1
1616 2084 1799 2131 flustris

122 2144 377 2189 BaL¹W1
415 2143 576 2188 furstis
607 2145 681 2189 Η1
718 2144 857 2189 fustis
889 2147 935 2190 P
968 2144 1131 2190 fruetis
1166 2145 1205 2189 G

922 2285 1001 2333 III

1080 2372 1263 2406 cenam
1295 2353 1580 2422 quaeritat:
1833 2365 1889 2404 80

125 2440 190 2495 Si
217 2459 339 2493 eum
369 2458 524 2493 nemo
555 2442 729 2511 u6cat,
758 2442 986 2494 reuortit
1016 2443 1248 2494 maestus
1271 2441 1339 2493 ad
1364 2441 1605 2494 maenam
1628 2440 1801 2495 miser.

243 2540 424 2585 Nonius
456 2546 557 2597 476,
583 2546 605 2585 1
643 2542 949 2586 ‘reuortit’
1014 2542 1127 2586 Cum
1163 2541 1252 2586 hoc
1291 2542 1345 2586 fr.
1381 2540 1642 2585 Meinekius
1681 2555 1803 2584 com-

125 2603 265 2658 parat
299 2599 520 2644 Timoclis
558 2614 719 2644 versus
757 2600 839 2656 qui
876 2600 926 2644 in
965 2615 1079 2645 com.
1112 2600 1271 2645 Graec.
1304 2601 1346 2644 ΙΙ
1384 2616 1429 2657 p.
1453 2605 1540 2644 456
1579 2599 1634 2644 fr.
1661 2605 1713 2644 11
1746 2599 1801 2644 K.

128 2661 314 2714 extant3
361 2659 417 2702 cf.
456 2658 656 2703 maxime
693 2660 831 2705 haec:
880 2659 904 2704 ὃ
942 2667 1057 2717 ’γοῦν
1095 2658 1308 2715 Κόρυδος
1346 2659 1565 2715 ἄκλητος,
1605 2660 1665 2711 ὥς
1704 2658 1805 2716 ἐμοὶ

127 2721 278 2774 δοκεῖ,
319 2716 578 2774 Γενόμενος
609 2717 789 2775 ὀψωνεῖ
817 2716 930 2775 παρ’
959 2718 1104 2764 αὑτὸν
1136 2718 1295 2763 οἴκαδε
1328 2736 1368 2764 κ.
1392 2735 1430 2763 τ.
1455 2721 1491 2764 λ.
1554 2717 1620 2762 Cf.
1652 2731 1806 2762 meam

128 2777 311 2822 Colacis
344 2776 705 2833 descriptionem
732 2792 778 2834 p,
805 2782 875 2822 39.

244 2869 270 2908 2
315 2865 562 2910 Trochaeos
598 2867 762 2911 iambis
793 2868 999 2922 praetuli
1153 2880 1368 2911 maenam
1405 2881 1504 2912 mss.
1539 2866 1806 2921 Gothofredi

126 2937 311 2967 menam
343 2941 377 2980 φ
