2060 3140
698 126 1006 172 CAECILIVS
1040 126 1288 172 STATIVS
1760 127 1828 179 41

953 266 1033 315 III

155 352 316 406 Oram
353 351 585 422 reperire
624 352 850 423 millam,
889 370 994 420 qua
1033 350 1332 420 expediam,
1371 368 1522 419 que0.

270 461 434 504 Festus
465 475 511 517 p.
539 465 621 504 182
646 460 707 503 M.
745 461 902 504 ‘orae
934 461 1167 504 extremae
1197 461 1355 517 partes
1386 461 1637 515 terrarum,
1676 458 1726 501 id
1766 460 1836 502 est

152 519 416 565 maritimae
456 519 694 575 dicuntur,
734 519 858 563 unde
898 521 945 563 et
983 517 1368 563 uestimentorum
1404 521 1636 562 extremae
1665 520 1836 574 parteS,

154 593 274 636 quae
317 578 507 634 quidem
546 581 593 622 et
626 578 806 635 primae
839 577 932 622 dici
962 580 1170 634 possunt.
1235 577 1464 622 Caecilius
1495 577 1545 620 in
1577 576 1837 621 ethrione

154 653 265 683 usus
298 640 370 682 est
399 652 483 694 pro
514 637 651 681 initio
682 637 772 693 rei,
806 651 911 681 cum
941 636 1029 683 ait:
1064 637 1210 681 oram’
1245 650 1282 680 e.
1309 651 1352 693 q.
1379 651 1412 681 s.

273 747 366 789 qua
390 733 654 793 Spengelius
684 747 826 789 quam
847 734 959 790 cod.,
990 738 1142 778 tuetua·
1164 733 1491 778 Lachmannus
1518 734 1570 777 in
1592 733 1733 778 Lucr.
1754 735 1838 775 223

959 871 1032 919 IV

160 963 295 1018 Cum
318 963 583 1017 Mercurio
618 963 763 1032 capit
793 963 1098 1034 consilium,
1127 963 1413 1032 postquam
1444 963 1677 1015 sentinat
1699 963 1842 1015 satis·

274 1072 438 1116 Festus
461 1087 505 1128 p.
525 1076 610 1115 339
627 1071 690 1115 M.
723 1070 1064 1128 ‘sentinare,
1098 1073 1172 1115 sat
1203 1084 1356 1129 agere,
1389 1071 1567 1115 dictum
1591 1085 1619 1114 a
1644 1070 1841 1127 sentina,

157 1145 299 1187 quam
328 1131 506 1175 multae
538 1143 688 1186 aquae
717 1129 854 1174 nauis
886 1145 990 1175 cum
1020 1129 1209 1188 recipit,
1243 1130 1550 1188 periclitatur.
1614 1129 1842 1175 Caecilius

155 1190 206 1234 in
251 1189 540 1235 ethrione:
591 1190 712 1233 cum’
756 1203 793 1234 e.
827 1204 870 1245 q.
905 1205 938 1235 S.
1000 1189 1173 1234 Paulus
1211 1205 1256 1246 p.
1284 1195 1369 1234 338
1393 1190 1455 1234 M.
1499 1189 1839 1246 ‘sentinare,

158 1251 232 1294 sat
264 1262 424 1306 agere,
456 1248 634 1293 dictum
665 1263 693 1293 a
724 1248 909 1293 sentina
937 1248 1095 1304 nauis,
1128 1263 1270 1305 quam
1301 1249 1405 1305 quis
1435 1251 1490 1292 ut
1521 1263 1644 1305 aqua
1673 1248 1844 1293 liberet

159 1322 387 1353 euacuare
426 1308 679 1353 contendit.
742 1308 903 1364 itaque
924 1307 1178 1353 sentinare
1214 1310 1285 1352 est
1321 1308 1557 1353 subtiliter
1585 1307 1843 1364 periculum

158 1367 324 1412 uitare.
389 1366 639 1413 Caecilius:
673 1367 817 1424 capit’
853 1381 891 1412 e.
917 1382 961 1423 q.
987 1382 1022 1412 s.

277 1463 357 1508 A‘n
381 1469 486 1521 post
516 1463 763 1507 consilium
793 1464 982 1522 yravius
1013 1464 1446 1522 interpwnyendum,
1485 1465 1663 1522 reliqua
1697 1465 1844 1509 oratio

157 1528 209 1568 ut
238 1537 332 1568 ‘non
362 1524 571 1568 absoluta
601 1522 696 1569 sit?

979 1603 1027 1650 V

162 1740 172 1750 .
206 1699 470 1766 actutum,
507 1695 694 1765 uoltiS,
733 1698 913 1765 empta
951 1698 1052 1748 est:
1091 1695 1280 1766 noltiS,
1315 1714 1424 1748 non
1464 1698 1643 1765 empta
1681 1696 1761 1748 est
1793 1737 1804 1747 .
1833 1738 1843 1748 .

278 1811 527 1856 Diomedes
558 1826 602 1868 p.
630 1816 713 1855 381
739 1810 788 1855 Ρ.
825 1811 968 1867 ‘apud
999 1812 1180 1855 veteres
1211 1810 1465 1867 reperimus
1489 1810 1540 1853 id
1563 1810 1689 1866 quod
1712 1810 1845 1854 nolu-

163 1886 286 1927 mus,
326 1884 421 1915 non
458 1870 604 1914 uultis
634 1883 664 1916 *
694 1872 749 1913 ut
779 1871 851 1914 est
887 1869 947 1913 in
976 1869 1290 1914 Aethrione
1327 1884 1394 1926 ap
1404 1869 1475 1912 ud
1508 1868 1844 1915 Caecilium:

166 1932 376 1975 actutum
406 1929 570 1973 uultis’
605 1943 643 1974 e.
669 1944 711 1985 q.
739 1943 773 1973 s.
836 1928 920 1985 (sic
952 1927 1102 1972 edidit
1131 1929 1186 1995 H.
1212 1928 1404 1973 Keilius
1459 1928 1516 1971 in
1549 1928 1846 1973 etherione

164 1989 314 2046 apud
345 1987 608 2032 lucilium
638 1987 810 2032 Pariss.
820 1988 908 2031 AB
924 1988 1105 2032 Monac.
1167 1986 1225 2030 in
1265 1987 1550 2031 etheriore
1584 1988 1731 2044 apud
1761 1987 1846 2031 lu-

164 2048 362 2093 cilium
410 2049 517 2093 ‘.ms
566 2047 685 2092 cod.’
737 2046 783 2092 C.
825 2046 1032 2103 Scioppii
1079 2047 1226 2103 apud
1271 2045 1534 2090 lucilium
1580 2047 1684 2091 edd.
1732 2049 1845 2091 vett.

166 2108 313 2165 apud
344 2105 659 2152 Caecilium
692 2105 939 2150 Statium
970 2106 1002 2150 Ι.
1027 2106 1259 2150 Beckerus
1291 2105 1458 2150 Philol.
1483 2105 1549 2150 IV
1574 2107 1647 2164 78)

281 2211 499 2268 Supplere
530 2211 679 2267 possis
724 2212 812 2267 age
857 2209 953 2253 iam
996 2211 1066 2254 vel
1112 2208 1238 2266 agite
1331 2210 1541 2252 actutum
1578 2211 1747 2254 recenti
1789 2224 1846 2254 m.

163 2272 410 2327 ascriptwm
439 2272 491 2315 in
514 2270 701 2315 Monac.
735 2268 940 2315 acti*um
963 2269 1114 2314 Paris.
1132 2269 1178 2312 A
1214 2267 1422 2312 actiuum
1452 2268 1602 2313 Paris.
1620 2269 1668 2312 B
1693 2268 1845 2325 Mora,

164 2344 246 2375 om.
279 2331 377 2375 edd.
408 2335 508 2375 vett.
600 2342 704 2386 emp
705 2330 758 2372 ta
786 2328 989 2373 Noltis‘
993 2343 1070 2373 ms.
1095 2328 1208 2374 cod?
1246 2327 1291 2372 G.
1318 2327 1523 2384 Scioppii
1611 2341 1706 2371 non
1739 2341 1841 2372 emo

165 2391 234 2435 vel
270 2402 365 2432 non
403 2388 512 2444 erit,
549 2394 603 2434 ut
638 2389 848 2433 senarius
880 2389 982 2444 fiat,
1014 2388 1117 2432 Bue
1238 2386 1553 2443 &ptenarium
1582 2388 1652 2432 vel
1681 2387 1852 2431 eadem

169 2447 257 2492 erit
286 2449 355 2494 vel
386 2449 458 2492 est
487 2447 604 2492 item
634 2448 896 2493 concludere
919 2448 1074 2503 potuit

872 2601 968 2649 AN
967 2599 1151 2648 DREA

287 2697 501 2742 Andria
554 2698 727 2743 Caecili
771 2713 884 2742 num
928 2698 1053 2741 recte
1105 2696 1282 2740 feratur
1329 2695 1517 2740 dubitat
1563 2696 1849 2741 Ritschelius

169 2758 400 2814 Parerg.1
426 2762 530 2814 133,
571 2759 696 2814 quod
735 2772 839 2801 cum
878 2770 934 2800 ex
966 2755 1154 2800 Graecis
1185 2754 1462 2799 Menandria
1484 2755 1594 2799 'sola
1623 2758 1738 2800 nota
1770 2755 1844 2811 sit,

172 2816 211 2860 si
243 2816 458 2873 eandem,
491 2830 632 2872 quam
662 2816 890 2861 Caecilius
924 2814 1035 2859 olim
1067 2814 1279 2870 dederat,
1312 2816 1519 2870 repetere
1553 2828 1692 2858 ausus
1725 2817 1848 2858 esset

171 2875 435 2932 Terentius,
478 2875 557 2919 vix
595 2875 639 2920 ei
677 2876 726 2919 in
763 2875 958 2948 prologo
999 2874 1056 2918 de
1097 2887 1152 2917 ea
1189 2887 1239 2917 re
1278 2875 1434 2917 tacere
1472 2873 1694 2918 licuisset.
1759 2873 1850 2918 Sed

172 2935 396 2979 Andrea
424 2936 581 2991 potest
611 2935 686 2979 vel
713 2932 923 3008 Ἀνδρέας
954 2932 1029 2977 vel
1060 2939 1182 2990 (cum
1205 2932 1509 2990 Dziatzkone)
1537 2930 1744 2990 Ἀνδρεία
1776 2931 1849 2975 in-
