2060 3140
710 117 936 162 SEXTVS
968 117 1281 163 TVRPILIVS
1754 121 1823 174 99

950 257 1023 304 IV

152 384 164 394 .
205 385 214 394 .
256 384 266 394 .
307 358 500 410 quaeso
541 341 717 411 cogita
755 359 815 394 ac
855 340 1103 394 deh‘bera.

268 440 448 485 Nonius
479 445 581 495 429,
604 445 657 484 19
693 439 832 485 ‘inter
863 441 1120 500 cogitare
1153 444 1200 486 et
1231 441 1554 486 deliberare
1584 442 1672 487 hoc
1702 442 1824 487 inter

152 503 242 545 est:
277 499 483 557 cogitare
515 502 587 543 est
618 499 918 557 confirmare‚’
953 501 1300 558 (‘considerare'
1326 504 1372 558 x)
1409 500 1684 546 ‘deliberare
1716 516 1822 546 con-

148 560 341 604 firmare.
404 558 639 615 Turpilius
670 559 1079 606 Boetuntibus:
1111 561 1302 616 quaeso’
1338 574 1374 604 e.
1409 575 1452 616 q.
1486 575 1520 605 s,

268 647 476 691 delibera
506 662 606 692 cum
635 649 918 705 sequentibus
948 662 1030 693 om.
1064 649 1140 693 Ba

960 758 1007 804 V

148 841 320 894 Macte
358 842 560 894 uirtute
600 842 726 893 esto,

263 942 441 986 Nonius
475 946 574 998 342,
609 946 631 984 1
668 942 941 985 ‘mactare
982 944 1052 985 est
1082 941 1232 999 magis
1266 955 1435 999 augere
1469 980 1477 987 .
1506 980 1514 988 .
1543 980 1551 987 .
1584 943 1819 1000 Turpilius

146 1001 549 1045 Boetontibus:
581 1002 733 1043 macte
765 1014 809 1045 u.
842 1001 899 1044 e.’

264 1090 343 1134 An
374 1090 561 1134 iambice
591 1090 743 1132 macte
776 1090 875 1132 esto
907 1088 1081 1132 uirtute
1096 1095 1116 1134 ?

942 1199 1015 1246 VI

142 1283 268 1338 Non
315 1302 414 1355 ago
455 1283 556 1336 hoc
602 1302 697 1352 per
743 1284 925 1354 sagam
963 1283 1135 1352 pretio
1176 1283 1515 1355 conductam,
1554 1287 1616 1336 ut
1652 1284 1818 1355 uulgo

1112 1371 1297 1424 solent.

261 1472 440 1516 Nonius
474 1477 543 1529 23,
575 1477 601 1516 5
637 1473 834 1529 ‘sagae
873 1472 1090 1516 mulieres
1123 1472 1341 1516 dicuntur
1370 1472 1572 1517 feminae
1604 1474 1665 1517 ad
1696 1473 1816 1517 lubi-

140 1532 310 1635 fflff’me
342 1531 548 1647 ulirosrum
592 1531 906 1589 indagatrices
949 1569 957 1576 .
993 1568 1001 1576 .
1036 1568 1044 1576 .
1086 1531 1324 1588 Turpilius
1370 1532 1815 1578 Boethontibus:

758 1700 1196 1750 CANEPHORVS

258 1797 542 1854 Κανηφόρος
556 1796 901 1841 Anaxandridis
925 1796 1018 1840 fuit
1041 1799 1088 1840 et
1110 1797 1367 1842 Menandri.
1391 1797 1539 1841 Huius
1564 1797 1618 1842 fr.
1636 1802 1719 1841 253
1736 1798 1813 1843 K.:

143 1855 385 1914 ἀλογίστου
416 1855 590 1912 τρόπον
618 1855 839 1914 Ἀτύχημα
871 1856 1062 1913 φεύγειν
1094 1856 1217 1900 ἐστὶν
1250 1858 1334 1901 οὐκ
1358 1855 1644 1912 αὐθαίρετον
1666 1857 1814 1901 Lade-

149 1915 290 1960 wicus
316 1916 372 1959 de
388 1915 518 1959 Volc.
539 1914 692 1972 Sedig.
713 1919 767 1958 18
793 1914 1054 1971 composuit
1069 1929 1174 1958 cum
1189 1917 1348 1959 nostro
1364 1916 1397 1961 I.
1414 1915 1642 1971 Loquitur
1657 1918 1815 1961 autem

143 1974 224 2031 qui
255 1974 701 2019 inconsiderantiam
734 1988 864 2018 suam
894 1973 1039 2017 insita
1067 1976 1263 2018 naturae
1295 1974 1452 2018 indole
1484 1977 1686 2020 excusat.

966 2084 992 2131 I

140 2168 223 2222 Ita
262 2171 362 2222 est:
414 2187 602 2222 uerum
640 2168 773 2220 haut
811 2168 965 2221 facile
1005 2169 1085 2220 est
1121 2169 1303 2221 uenire
1342 2168 1423 2221 illi
1460 2168 1554 2220 ubi
1593 2169 1696 2221 sita
1734 2172 1814 2222 est

1106 2257 1378 2326 sapientia.

139 2344 379 2415 Spissum
419 2349 498 2399 est
534 2347 658 2399 iter:
698 2345 862 2415 apisci
900 2345 1033 2397 haut
1068 2363 1278 2413 possem
1316 2345 1420 2398 n1‘si
1459 2363 1580 2398 cum
1617 2363 1811 2416 magna
1843 2359 1898 2398 10

1104 2451 1331 2485 m1ser1a.

249 2534 428 2579 Nonius
468 2539 568 2592 392,
601 2540 656 2579 26
700 2533 969 2591 ‘spissum
1012 2533 1246 2591 significat
1287 2533 1420 2577 tarde
1454 2569 1464 2578 .
1492 2570 1500 2578 .
1528 2570 1536 2578 .
1571 2533 1806 2590 Turpilius

138 2593 384 2639 Caneforo:
416 2593 502 2637 ita’
539 2607 576 2638 e.
609 2609 651 2650 q.
686 2609 719 2638 S.

254 2688 277 2726 1
311 2684 392 2738 ita,
425 2683 507 2727 del.
541 2684 625 2738 est,
658 2684 766 2727 olim
796 2683 922 2726 dedi:
953 2682 1009 2736 cf.
1043 2682 1189 2726 coroll.
1222 2681 1413 2724 XXXIH
1561 2681 1678 2724 haut
1709 2681 1804 2726 Ste-

128 2743 314 2798 phamas
346 2743 428 2784 aut
459 2759 494 2785 ω
613 2718 696 2785 illo
729 2741 920 2798 Lipsius
951 2740 1042 2806 Ep.
1076 2755 1147 2796 qu.
1183 2741 1228 2784 V
1253 2746 1278 2783 2
1399 2740 1490 2784 sita
1521 2741 1579 2797 B,
1611 2741 1807 2785 Rothius

138 2800 176 2843 si
207 2799 276 2844 ita
311 2800 509 2845 GH1L1
541 2799 698 2870 spissa
721 2818 756 2857 φ
878 2805 903 2842 2
936 2798 1083 2855 apisci
1113 2800 1277 2856 scripsi
1308 2798 1504 2865 adipisci
1536 2816 1570 2842 ω
1689 2798 1807 2842 haut

137 2859 327 2915 Lipsius
357 2861 440 2902 aut
470 2876 505 2902 ω
594 2854 780 2915 pos'sem
809 2860 972 2915 scripsi
1000 2871 1135 2914 posse
1168 2875 1202 2901 ω
1233 2857 1383 2914 possis
1408 2859 1599 2915 Lipsius
1690 2857 1805 2914 spis-

139 2919 284 2962 sumst
313 2917 423 2963 iter.
457 2917 653 2974 adipisci
682 2917 810 2962 haud
839 2919 1050 2974 potestur
1079 2918 1304 2975 Berykius

1483 2991 1539 3034 7*
