2060 3140
685 115 992 161 CAECILNS
1025 114 1275 161 STATIVS
1750 116 1822 169 87

254 250 403 295 Varro
443 250 500 294 de
538 250 567 293 l.
601 249 630 294 1.
668 249 751 293 VII
781 254 865 294 103
897 250 959 295 M.
995 249 1171 294 ‘multa
1213 249 1273 293 ab
1317 248 1592 292 animalium
1623 249 1820 295 uocibus

136 309 314 355 tralata
342 308 393 352 in
422 308 655 365 homines,
686 308 860 365 parbim
890 322 1009 365 quae
1042 311 1152 353 sunt
1182 310 1365 366 aperta,
1397 307 1572 365 partim
1603 308 1816 353 obscura.

136 367 401 426 Perspicua,
425 370 479 412 ut
503 403 513 412 .
533 405 541 412 .
563 405 571 412 .
598 367 862 414 Caecilii:
894 369 1098 412 tantum’
1126 381 1163 413 e.
1182 382 1226 424 q.
1244 382 1278 412 s.
1312 366 1466 426 (Cilii
1496 366 1618 411 Flor.
1642 367 1815 425 Haun.)

253 458 438 500 tantam
470 455 683 515 Scaliyer,
714 459 794 515 qui
821 456 1032 501 dibalare
1055 470 1154 501 rem
1175 458 1499 513 interpretation·
1521 462 1819 512 καταφαγεῖν

136 516 223 573 τὴν
248 513 434 560 οὐσίανε
458 516 592 560 immo
608 518 894 573 vituperatm·
910 518 990 574 qui
1002 522 1217 562 secretum
1231 515 1452 572 balando,
1469 516 1502 560 i.
1519 529 1553 560 e.
1571 516 1818 574 yarriendo

135 576 320 631 differre
348 580 391 620 et
420 576 654 633 divulyare
683 589 778 621 ‘mm
806 577 975 622 veritus
1004 577 1075 621 sit.
1108 576 1297 619 tantum
1327 591 1362 619 ω

914 685 1041 734 VIII

245 810 256 821 .
296 810 307 821 .
345 767 506 822 nimis
545 768 795 822 audacem
832 768 1099 838 nimisque
1137 768 1363 822 bardum
1399 768 1689 821 barbarum
1822 799 1913 840 250

256 869 395 913 Pauli
416 869 580 914 Festus
603 885 647 926 p.
673 875 731 914 34
753 870 814 914 M.
851 870 1086 914 ‘bardus
1120 869 1305 925 stultUS,
1338 883 1366 914 a
1389 869 1615 914 tarditate
1638 868 1820 927 ingenii

140 928 419 986 appellatur.
482 928 732 975 Caecilius:
763 928 922 973 nimis’
957 943 995 974 e.
1028 945 1071 985 q.
1107 944 1140 974 3.

945 1054 1017 1101 ΙΧ

140 1136 467 1208 Quisquilias
504 1137 759 1207 uolantis,
797 1137 947 1190 uenti
986 1137 1157 1207 spdlia
1194 1140 1514 1191 memorant:
1546 1136 1572 1190 1'
1604 1137 1791 1191 modo!

256 1239 422 1283 Festus
452 1254 496 1296 p.
530 1243 616 1283 257
647 1239 709 1283 M.
745 1237 1127 1294 ‘quisquiliae
1175 1238 1270 1283 dici
1313 1241 1541 1296 putantur
1586 1238 1822 1295 quidquid

137 1313 196 1344 ex
224 1298 467 1342 arboribus
498 1297 690 1342 minufis
723 1298 1011 1342 surculorum
1040 1297 1318 1342 foliorumue
1346 1298 1488 1354 cadit,
1520 1298 1653 1342 uelut
1684 1298 1825 1354 quid-

137 1357 434 1414 quidcadiae.
497 1356 746 1403 Caecilius:
779 1356 1076 1413 quisquilias’
1111 1371 1149 1402 e.
1174 1372 1218 1414 q.
1245 1372 1278 1402 3.
1342 1357 1407 1403 Cf.
1440 1357 1636 1415 Hymnis
1668 1358 1746 1402 VI.

258 1459 507 1501 memoras,
539 1445 556 1488 i
586 1446 724 1490 modo
757 1445 958 1504 Scaliger

960 1557 1006 1603 X

134 1638 414 1694 Omnibus
452 1639 673 1693 laetitiis
710 1640 882 1693 laetus
924 1639 1112 1694 incedo
1155 1681 1374 1693 .....

259 1740 418 1785 Cicero
451 1741 509 1785 de
539 1741 615 1786 fin.
647 1742 691 1785 H
720 1746 762 1799 4,
796 1746 850 1786 13
886 1742 1014 1785 ‘nam
1044 1743 1092 1785 et
1121 1740 1202 1785 ille
1239 1740 1365 1798 apud.
1395 1741 1624 1786 Trabeam
1654 1741 1823 1799 uolup—

137 1802 288 1845 tatem
319 1800 465 1844 animi
498 1800 694 1844 nimiam
730 1799 966 1845 laetitiam
1002 1796 1139 1856 dicit,
1180 1800 1377 1844 eandem
1415 1814 1557 1856 quam
1592 1800 1675 1845 ille
1707 1800 1823 1846 Cae-

139 1859 361 1914 cilianus,
402 1858 483 1915 qui
522 1859 780 1904 omnibus
827 1858 1082 1904 laetitiis
1128 1859 1342 1903 laetum
1387 1872 1486 1903 esse
1529 1872 1578 1903 se
1619 1861 1819 1906 narrat!

138 1920 269 1963 Idem
308 1919 370 1962 ad
415 1918 524 1963 fam.
558 1919 601 1962 Π
631 1923 657 1962 9
693 1919 900 1976 ‘repentae
938 1931 1048 1962 uero
1094 1917 1307 1962 incessi
1346 1918 1604 1963 omnibus
1643 1918 1826 1964 laeti-

137 1978 241 2022 tiis
277 1978 511 2022 laetus’.

139 2168 360 2180 .....
400 2128 661 2196 quantum
700 2130 973 2179 amantum
1014 2126 1072 2178 in
1108 2123 1308 2178 'Asstica
1347 2130 1428 2179 6311

261 2227 497 2272 Charisius
528 2243 572 2284 p.
599 2232 654 2272 98
678 2228 729 2273 P.
764 2227 1074 2271 ‘amantum
1110 2225 1353 2283 Caecilius,
1385 2229 1439 2271 ut
1470 2227 1614 2272 etiam
1643 2227 1825 2274 Plinius

138 2288 296 2333 nebat:
329 2288 573 2343 quantum'
608 2301 648 2332 e.
680 2302 724 2343 q.
759 2302 793 2332 S.

259 2374 311 2419 in
341 2374 501 2419 Attica
530 2377 694 2433 scripsi
722 2375 768 2419 in
802 2374 961 2419 natica
992 2376 1087 2420 cod.
1119 2374 1170 2418 in
1198 2373 1366 2418 riatica
1396 2375 1463 2420 ed.
1489 2389 1564 2432 pr.

937 2501 1034 2547 XII

203 2596 565 2605 ·····
739 2600 742 2603 ⁴
998 2601 1192 2636 nomen
1231 2582 1485 2654 uirginiS,

140 2674 263 2729 Nisi
301 2673 499 2726 mirum
530 2675 631 2741 est,
671 2672 1042 2742 deinizegrauit.
1473 2731 1477 2734 ,
1828 2686 1916 2726 255

260 2773 440 2818 Nonius
474 2777 573 2830 101,
606 2777 662 2816 25
696 2772 1111 2830 ‘deintegrare,
1154 2772 1421 2817 deminuere
1453 2808 1466 2821 .
1490 2808 1503 2818 .
1528 2809 1538 2818 .
1571 2773 1826 2819 Caecilius:

139 2834 327 2879 nomen’
364 2846 402 2877 e.
435 2847 478 2888 q.
512 2847 546 2876 s.
1294 2839 1298 2842 ·

263 2927 287 2965 1
313 2935 375 2979 sq.
400 2922 540 2966 unius
563 2922 809 2978 septenarii
829 2921 1027 2976 stastum
1050 2934 1139 2966 esse
1161 2922 1259 2967 vult
1283 2921 1385 2967 Bue
1484 2926 1510 2964 2
1541 2920 1634 2964 nisi
1656 2921 1827 2965 mirum
