2060 3140
402 136 484 179 EX
513 135 788 182 INCERTIS
819 134 1216 181 INCERTORVM
1253 136 1505 191 FABVLIS
1687 138 1793 190 143

117 269 248 314 semel
278 270 371 314 eod.
520 281 623 312 eam
652 270 815 325 scripsi
846 281 870 312 e
903 270 972 326 (in
1000 269 1090 324 fine
1120 270 1289 326 versus)
1321 271 1414 314 cod.
1449 269 1592 313 etiam
1623 271 1689 314 ed.
1716 285 1790 326 pr.

203 328 283 371 An
312 341 406 371 non
438 340 524 384 ego
555 326 697 371 istam
725 334 803 384 p.‘?
936 326 1050 372 reici
1080 341 1174 372 non
1203 327 1390 385 potuit?
1420 342 1515 372 non
1544 327 1792 384 perpetiar,

117 400 211 430 non
242 399 345 430 eam
374 386 604 442 perferam
634 386 736 431 Bue

873 452 1034 500 XLIV

261 535 620 589 Tertullianus
652 536 714 589 de
746 536 923 589 anima
947 536 1019 588 20
1048 537 1257 590 ‘comici
1294 535 1581 608 Phrygas
1619 537 1793 589 timi-

112 624 221 676 dos
259 623 543 677 inludunt?

231 723 297 768 Cf.
322 724 597 781 Apollodori
629 725 1058 771 Citharoedus201'>
1098 732 1340 784 πανταχοῦ
1382 725 1505 781 Φρύξ
1549 725 1660 783 εἰμι
1708 732 1790 770 τοῦ

110 786 192 840 ζῆν
224 781 283 839 ἢν
315 783 406 839 ὁρῶ
437 788 659 838 Κρεῖττον
688 784 741 828 τὸ
773 784 833 841 μὴ
866 786 962 841 ζῆν,
994 783 1221 841 χρήσομαι
1250 788 1313 843 τῷ
1345 783 1587 841 κρείττονι.
1639 784 1791 828 Aliter

111 855 158 886 se
190 841 313 900 gerit
344 842 642 899 Turpih'anus
674 847 842 887 13102.

882 923 1016 970 XLV

108 1007 283 1061 Viden
320 1010 381 1060 lit
419 1007 667 1060 cinaedus
706 1007 889 1059 orbem
907 1017 911 1020 ’
930 1007 1099 1078 digito
1138 1007 1436 1076 temperat?

231 1107 480 1152 Suetonius
513 1108 612 1153 Oct.
646 1113 702 1153 68
737 1108 838 1152 ‘sed
869 1111 917 1152 et
945 1107 1145 1165 populus
1177 1108 1416 1163 quondam
1446 1107 1688 1152 uniuersus
1719 1107 1789 1150 lu-

110 1167 274 1211 dorum
305 1167 380 1211 die
412 1169 461 1211 et
492 1166 674 1224 accepit
702 1166 753 1210 in
785 1167 1116 1211 contumeliam
1154 1166 1253 1211 eius
1285 1169 1333 1211 et
1366 1179 1555 1211 assensu
1585 1166 1788 1210 maximo

113 1225 437 1283 eomprobauit
458 1240 645 1270 uersum
666 1225 717 1270 in
742 1239 910 1270 scaena
932 1225 1287 1283 pronuntiatum
1311 1226 1369 1270 de
1400 1225 1556 1283 gallo
1586 1225 1788 1269 matris

109 1286 268 1329 deum
298 1285 750 1343 tympanizante:
782 1285 981 1330 uiden'
1009 1299 1047 1329 e.
1066 1300 1108 1341 q.
1129 1300 1163 1330 s.
1206 1285 1282 1329 Ad
1305 1286 1519 1342 togatam
1544 1284 1619 1342 (of.
1644 1285 1787 1329 Attae

108 1343 414 1402 Megalensia)
440 1346 522 1388 aut
545 1344 606 1388 ad.
627 1343 822 1388 mimum
839 1344 912 1402 (cf.
933 1344 1058 1390 Galli
1079 1344 1284 1398 Laberii)
1300 1343 1532 1401 pertinere
1555 1343 1786 1389 videntur.

228 1418 294 1474 Of.
327 1418 576 1464 Lobeckius
606 1418 829 1478 Ayzaoph.
864 1423 978 1463 1016

861 1528 1023 1576 XLV1

106 1611 178 1665 Di
208 1611 541 1665 inmortales!
582 1612 713 1682 quas
744 1630 842 1684 ego
873 1630 1097 1684 pugnaS‚
1130 1613 1356 1682 quantas
1389 1615 1593 1684 strages
1625 1610 1786 1664 e‘didi!

226 1712 384 1757 Cicero
417 1712 550 1769 epist.
584 1713 646 1757 ad.
674 1713 772 1757 Att.
798 1713 819 1756 I
849 1718 971 1770 16,1
1007 1713 1090 1756 ((11
1120 1712 1480 1760 inmortales!
1514 1726 1652 1768 quas
1685 1724 1788 1768 ego

103 1785 322 1838 pugnas
356 1774 411 1815 et
441 1774 686 1838 quantas
719 1774 944 1829 strages
977 1771 1154 1817 edidi!
1195 1785 1311 1828 quos
1344 1771 1546 1828 impetus
1577 1770 1627 1814 in
1657 1770 1787 1814 Piso-

106 1844 226 1887 nem,
259 1830 309 1874 in
341 1830 598 1888 Curionem,
630 1830 680 1874 in
709 1833 862 1875 totam
891 1830 1025 1875 illam
1046 1845 1237 1875 manum
1259 1830 1372 1876 feci!
1405 1844 1498 1886 quo
1521 1830 1659 1874 modo
1686 1844 1790 1872 sum

108 1889 369 1934 insectatus
399 1889 645 1956 ienitatem
675 1903 850 1946 senum,
881 1889 1128 1934 libidinem
1149 1889 1450 1935 iuuentutis?
1497 1889 1689 1933 Servum
1711 1887 1788 1932 vel

104 1948 366 2005 parasitum
395 1948 445 1992 in
477 1948 718 1993 comoedia
748 1948 1031 2015 gloriantem
1061 1951 1109 1993 et
1138 1948 1374 2005 tragicum
1398 1947 1600 1993 colorem
1631 1946 1787 1991 adfec-

104 2009 286 2052 tantem
315 2007 400 2052 1113
430 2007 700 2065 praedieare
731 2007 941 2064 potuisse
974 2007 1235 2065 suspicatus
1269 2022 1384 2052 sum.

224 2081 273 2124 di
303 2081 575 2126 inmortales
605 2087 658 2127 ut
688 2084 966 2127 adsumerent
995 2083 1141 2128 suasit
1171 2081 1274 2126 Bue

846 2190 1033 2239 XLVII

104 2313 116 2328 .
156 2275 421 2346 persuasit
457 2275 635 2329 animo
674 2275 878 2346 uinum,
910 2275 1037 2328 deus
1069 2274 1161 2344 qui
1191 2273 1363 2327 multo
1396 2277 1477 2326 est
1506 2273 1784 2326 maximus,

221 2376 385 2419 Festus
408 2390 452 2432 p.
481 2380 564 2420 153
588 2375 649 2421 M.
672 2375 1043 2432 ‘metonymia
1074 2377 1146 2420 est
1167 2376 1340 2432 tropos,
1366 2389 1470 2418 011111
1495 2373 1554 2418 ab
1580 2387 1634 2418 eo
1659 2373 1785 2429 quod.

105 2434 313 2479 continet
345 2433 633 2491 significatur
662 2434 713 2478 id
744 2435 870 2491 quod
902 2434 1178 2490 continetur,
1213 2436 1296 2478 aut
1322 2432 1529 2490 superior
1551 2432 1783 2490 inferiore,

104 2494 208 2537 aut‘
246 2494 348 2550 (‘et’
385 2493 503 2550 cod.)
538 2493 746 2538 ‘inferior
787 2492 1033 2551 superiore.
1097 2492 1225 2546 Quae
1264 2493 1473 2537 eontinet
1511 2491 1637 2547 quod
1675 2505 1784 2536 con-

102 2551 292 2609 tinetur,
325 2554 379 2596 ut
408 2552 584 2596 Ennius
608 2579 664 2586 —
690 2553 748 2597 ab
783 2566 836 2597 eo
869 2553 996 2608 quod
1027 2551 1291 2596 continetur
1321 2551 1372 2594 id
1403 2551 1528 2607 quod
1559 2549 1781 2607 eontinet,

103 2613 157 2656 ut
188 2626 292 2655 oum
335 2610 526 2657 dieitur.
566 2614 707 2669 epota
738 2612 964 2668 amphora
993 2610 1198 2655 1111113
1228 2610 1464 2668 superiore
1494 2609 1698 2666 inferior,
1730 2587 1784 2654 ut

101 2670 355 2714 Ennius—
372 2669 432 2714 ab
456 2669 672 2715 inferiore
698 2670 919 2728 superior,
951 2672 1025 2715 ut:
1028 2683 1223 2744 persu
1236 2669 1373 2714 as1t
1410 2683 1448 2713 e.
1466 2683 1510 2725 q.
1528 2683 1562 2713 s.
1610 2668 1783 2712 Poetae

103 2729 323 2786 anonymi
356 2728 520 2774 Graeci
548 2732 685 2796 (1274
716 2729 790 2787 Κ.)
824 2706 950 2780 οἶνός
992 2727 1041 2786 μ’
1077 2728 1228 2773 ἔπεισε
1260 2726 1498 2795 δαιμόνων
1529 2726 1784 2785 ὑπέρτατος

105 2788 269 2832 comici
302 2802 362 2832 an
393 2787 561 2845 tragici
590 2802 749 2833 versus
785 2788 847 2833 sit
876 2787 1104 2832 incertum
1135 2787 1251 2832 dicit
1282 2786 1558 2832 Meinekius.

219 2877 364 2923 Initio
394 2876 463 2920 ita
493 2878 703 2934 suppleas
855 2875 1008 2920 animo
1040 2889 1122 2921 om.
1157 2876 1420 2935 Spenyelius
1451 2877 1682 2921 senarium
1713 2876 1782 2920 di-

101 2937 285 2983 metiens
