<?xml version="1.0" encoding="UTF-8"?>
<!DOCTYPE html PUBLIC "-//W3C//DTD XHTML 1.0 Transitional//EN"
    "http://www.w3.org/TR/xhtml1/DTD/xhtml1-transitional.dtd">
<html xmlns="http://www.w3.org/1999/xhtml" xml:lang="en" lang="en">
 <head>
  <title>
</title>
<meta http-equiv="Content-Type" content="text/html;charset=utf-8" />
  <meta name='ocr-system' content='tesseract 3.04.00' />
  <meta name='ocr-capabilities' content='ocr_page ocr_carea ocr_par ocr_line ocrx_word'/>
</head>
<body>
  <div class='ocr_page' id='page_1' title='image "./scaenicaeromanor02ribbuoft_0137.png"; bbox 0 0 2060 3140; ppageno 0'>
   <div class='ocr_carea' id='block_1_1' title="bbox 645 120 1773 174">
    <p class='ocr_par' dir='ltr' id='par_1_1' title="bbox 645 120 1773 174">
     <span class='ocr_line' id='line_1_1' title="bbox 645 120 1773 174; baseline 0.002 -10"><span class='ocrx_word' id='word_1_1' title='bbox 645 120 873 165; x_wconf 82' lang='lat' dir='ltr'><strong>SEXTVS</strong></span> <span class='ocrx_word' id='word_1_2' title='bbox 904 120 1221 166; x_wconf 84' lang='lat' dir='ltr'><strong>TVRPILIVS</strong></span> <span class='ocrx_word' id='word_1_3' title='bbox 1667 120 1773 174; x_wconf 80' lang='grc'>125</span> 
     </span>
    </p>
   </div>
   <div class='ocr_carea' id='block_1_2' title="bbox 93 253 1774 485">
    <p class='ocr_par' dir='ltr' id='par_1_2' title="bbox 93 253 1774 485">
     <span class='ocr_line' id='line_1_2' title="bbox 93 253 1774 356; baseline -0.002 -56"><span class='ocrx_word' id='word_1_4' title='bbox 93 255 300 315; x_wconf 86' lang='lat' dir='ltr'>procacis</span> <span class='ocrx_word' id='word_1_5' title='bbox 332 255 442 321; x_wconf 44' lang='lat' dir='ltr'>(Vl).</span> <span class='ocrx_word' id='word_1_6' title='bbox 462 256 510 298; x_wconf 89' lang='lat' dir='ltr'>et</span> <span class='ocrx_word' id='word_1_7' title='bbox 539 253 852 321; x_wconf 79' lang='lat' dir='ltr'>adulescentis</span> <span class='ocrx_word' id='word_1_8' title='bbox 891 253 1119 320; x_wconf 83' lang='lat' dir='ltr'>luxuriosi</span> <span class='ocrx_word' id='word_1_9' title='bbox 1149 254 1269 356; x_wconf 53' lang='grc' dir='ltr'>ΫΓΠ)</span> <span class='ocrx_word' id='word_1_10' title='bbox 1299 266 1527 311; x_wconf 83' lang='lat' dir='ltr'>personae</span> <span class='ocrx_word' id='word_1_11' title='bbox 1567 253 1774 298; x_wconf 54' lang='lat' dir='ltr'>interno&gt;-</span> 
     </span>
     <span class='ocr_line' id='line_1_3' title="bbox 94 312 1618 371; baseline -0.002 -12"><span class='ocrx_word' id='word_1_12' title='bbox 94 316 296 359; x_wconf 88' lang='lat' dir='ltr'>scuntur.</span> <span class='ocrx_word' id='word_1_13' title='bbox 331 356 334 359; x_wconf 86' lang='grc'>,</span> <span class='ocrx_word' id='word_1_14' title='bbox 357 313 574 371; x_wconf 81' lang='lat' dir='ltr'>Epistula</span> <span class='ocrx_word' id='word_1_15' title='bbox 612 328 786 358; x_wconf 74' lang='lat' dir='ltr'>amissa</span> <span class='ocrx_word' id='word_1_16' title='bbox 825 315 873 358; x_wconf 91' lang='lat' dir='ltr'>et</span> <span class='ocrx_word' id='word_1_17' title='bbox 911 313 972 357; x_wconf 90' lang='lat' dir='ltr'>ab</span> <span class='ocrx_word' id='word_1_18' title='bbox 1005 312 1099 357; x_wconf 79' lang='lat' dir='ltr'>alio</span> <span class='ocrx_word' id='word_1_19' title='bbox 1130 327 1154 357; x_wconf 91' lang='grc'><strong>0</strong></span> <span class='ocrx_word' id='word_1_20' title='bbox 1176 327 1253 358; x_wconf 87' lang='lat' dir='ltr'>am</span> <span class='ocrx_word' id='word_1_21' title='bbox 1285 312 1474 357; x_wconf 88' lang='lat' dir='ltr'>sublata</span> <span class='ocrx_word' id='word_1_22' title='bbox 1504 312 1618 370; x_wconf 89' lang='lat' dir='ltr'>(XII.</span> 
     </span>
     <span class='ocr_line' id='line_1_4' title="bbox 93 371 1772 485; baseline -0.001 -69"><span class='ocrx_word' id='word_1_23' title='bbox 93 373 244 478; x_wconf 48' lang='grc' dir='ltr'>ἓξὲξ</span> <span class='ocrx_word' id='word_1_24' title='bbox 245 372 348 485; x_wconf 47' lang='lat' dir='ltr'>{piri</span> <span class='ocrx_word' id='word_1_25' title='bbox 351 372 520 476; x_wconf 54' lang='grc' dir='ltr'><strong>61ξὲἓέίὴ</strong></span> <span class='ocrx_word' id='word_1_26' title='bbox 534 374 588 417; x_wconf 89' lang='lat' dir='ltr'>ut</span> <span class='ocrx_word' id='word_1_27' title='bbox 604 372 765 430; x_wconf 88' lang='lat' dir='ltr'>magni</span> <span class='ocrx_word' id='word_1_28' title='bbox 788 371 838 416; x_wconf 91' lang='lat' dir='ltr'>in</span> <span class='ocrx_word' id='word_1_29' title='bbox 861 385 934 416; x_wconf 88' lang='lat' dir='ltr'>res</span> <span class='ocrx_word' id='word_1_30' title='bbox 958 371 1035 442; x_wconf 84' lang='lat' dir='ltr'>vel</span> <span class='ocrx_word' id='word_1_31' title='bbox 1055 371 1345 417; x_wconf 82' lang='lat' dir='ltr'>intricandas</span> <span class='ocrx_word' id='word_1_32' title='bbox 1361 371 1437 417; x_wconf 81' lang='lat' dir='ltr'>vel</span> <span class='ocrx_word' id='word_1_33' title='bbox 1461 371 1772 429; x_wconf 85' lang='lat' dir='ltr'>expediendas</span> 
     </span>
    </p>
   </div>
   <div class='ocr_carea' id='block_1_3' title="bbox 926 513 1862 652">
    <p class='ocr_par' dir='ltr' id='par_1_3' title="bbox 926 513 1862 652">
     <span class='ocr_line' id='line_1_5' title="bbox 926 513 1862 652; baseline 0.003 -19"><span class='ocrx_word' id='word_1_34' title='bbox 926 513 952 559; x_wconf 78' lang='lat' dir='ltr'>I</span> <span class='ocrx_word' id='word_1_35' title='bbox 972 581 1228 635; x_wconf 72' lang='lat' dir='ltr'>misertim</span> <span class='ocrx_word' id='word_1_36' title='bbox 1264 585 1396 651; x_wconf 88' lang='lat' dir='ltr'>puto</span> <span class='ocrx_word' id='word_1_37' title='bbox 1407 624 1422 652; x_wconf 88' lang='lat'>,</span> <span class='ocrx_word' id='word_1_38' title='bbox 1778 595 1862 636; x_wconf 81' lang='lat'>175</span> 
     </span>
    </p>
   </div>
   <div class='ocr_carea' id='block_1_4' title="bbox 95 669 1575 726">
    <p class='ocr_par' dir='ltr' id='par_1_4' title="bbox 95 669 1575 726">
     <span class='ocr_line' id='line_1_6' title="bbox 95 669 1575 726; baseline -0.002 -1"><span class='ocrx_word' id='word_1_39' title='bbox 95 670 154 726; x_wconf 88' lang='lat' dir='ltr'>Si</span> <span class='ocrx_word' id='word_1_40' title='bbox 193 671 354 724; x_wconf 87' lang='lat' dir='ltr'>etiam</span> <span class='ocrx_word' id='word_1_41' title='bbox 391 669 531 723; x_wconf 78' lang='lat' dir='ltr'>istuc</span> <span class='ocrx_word' id='word_1_42' title='bbox 570 669 636 722; x_wconf 86' lang='lat' dir='ltr'>ad</span> <span class='ocrx_word' id='word_1_43' title='bbox 673 669 869 722; x_wconf 82' lang='lat' dir='ltr'>malam</span> <span class='ocrx_word' id='word_1_44' title='bbox 907 671 1136 722; x_wconf 80' lang='lat' dir='ltr'>aetatem</span> <span class='ocrx_word' id='word_1_45' title='bbox 1175 670 1396 723; x_wconf 80' lang='lat' dir='ltr'>accessit</span> <span class='ocrx_word' id='word_1_46' title='bbox 1432 669 1575 723; x_wconf 86' lang='lat' dir='ltr'>mali.</span> 
     </span>
    </p>
   </div>
   <div class='ocr_carea' id='block_1_5' title="bbox 93 769 1779 1005">
    <p class='ocr_par' dir='ltr' id='par_1_5' title="bbox 93 769 1779 1005">
     <span class='ocr_line' id='line_1_7' title="bbox 212 769 1776 827; baseline -0.001 -12"><span class='ocrx_word' id='word_1_47' title='bbox 212 771 394 816; x_wconf 88' lang='lat' dir='ltr'>Nonius</span> <span class='ocrx_word' id='word_1_48' title='bbox 421 776 459 827; x_wconf 94' lang='lat'>1,</span> <span class='ocrx_word' id='word_1_49' title='bbox 486 774 541 814; x_wconf 86' lang='lat'>25</span> <span class='ocrx_word' id='word_1_50' title='bbox 573 771 850 814; x_wconf 82' lang='lat' dir='ltr'>‘aetatem</span> <span class='ocrx_word' id='word_1_51' title='bbox 879 769 1084 814; x_wconf 88' lang='lat' dir='ltr'>malam</span> <span class='ocrx_word' id='word_1_52' title='bbox 1116 772 1404 815; x_wconf 85' lang='lat' dir='ltr'>senectutem</span> <span class='ocrx_word' id='word_1_53' title='bbox 1433 772 1615 815; x_wconf 87' lang='lat' dir='ltr'>ueteres</span> <span class='ocrx_word' id='word_1_54' title='bbox 1648 769 1776 814; x_wconf 82' lang='lat' dir='ltr'>dixe-</span> 
     </span>
     <span class='ocr_line' id='line_1_8' title="bbox 94 828 1775 886; baseline -0.001 -11"><span class='ocrx_word' id='word_1_55' title='bbox 94 832 204 874; x_wconf 86' lang='lat' dir='ltr'>runt</span> <span class='ocrx_word' id='word_1_56' title='bbox 236 867 246 875; x_wconf 89' lang='lat'>.</span> <span class='ocrx_word' id='word_1_57' title='bbox 274 867 283 874; x_wconf 92' lang='lat'><strong><em>.</em></strong></span> <span class='ocrx_word' id='word_1_58' title='bbox 311 867 319 874; x_wconf 92' lang='lat'><em>.</em></span> <span class='ocrx_word' id='word_1_59' title='bbox 354 829 590 886; x_wconf 83' lang='lat' dir='ltr'>Turpilius</span> <span class='ocrx_word' id='word_1_60' title='bbox 621 829 943 886; x_wconf 85' lang='lat' dir='ltr'>Filopatro:</span> <span class='ocrx_word' id='word_1_61' title='bbox 975 828 1213 872; x_wconf 87' lang='lat' dir='ltr'>miserum’</span> <span class='ocrx_word' id='word_1_62' title='bbox 1246 843 1284 873; x_wconf 91' lang='lat' dir='ltr'>e.</span> <span class='ocrx_word' id='word_1_63' title='bbox 1311 843 1354 885; x_wconf 87' lang='lat' dir='ltr'>q.</span> <span class='ocrx_word' id='word_1_64' title='bbox 1381 844 1416 875; x_wconf 81' lang='lat' dir='ltr'>s,</span> <span class='ocrx_word' id='word_1_65' title='bbox 1450 829 1775 886; x_wconf 85' lang='lat' dir='ltr'>(Filopatro</span> 
     </span>
     <span class='ocr_line' id='line_1_9' title="bbox 95 886 1779 945; baseline -0.001 -12"><span class='ocrx_word' id='word_1_66' title='bbox 95 889 207 933; x_wconf 87' lang='lat' dir='ltr'>libri</span> <span class='ocrx_word' id='word_1_67' title='bbox 238 889 426 945; x_wconf 89' lang='lat' dir='ltr'>ubique,</span> <span class='ocrx_word' id='word_1_68' title='bbox 458 890 511 932; x_wconf 92' lang='lat' dir='ltr'>ut</span> <span class='ocrx_word' id='word_1_69' title='bbox 542 888 655 933; x_wconf 92' lang='lat' dir='ltr'>olim</span> <span class='ocrx_word' id='word_1_70' title='bbox 683 887 994 944; x_wconf 80' lang='lat' dir='ltr'>persuaserim</span> <span class='ocrx_word' id='word_1_71' title='bbox 1018 886 1135 931; x_wconf 86' lang='lat' dir='ltr'>mihi</span> <span class='ocrx_word' id='word_1_72' title='bbox 1158 887 1407 944; x_wconf 83' lang='lat' dir='ltr'>hybridam</span> <span class='ocrx_word' id='word_1_73' title='bbox 1438 888 1779 945; x_wconf 87' lang='lat' dir='ltr'>Philopater</span> 
     </span>
     <span class='ocr_line' id='line_1_10' title="bbox 93 946 999 1005; baseline -0.003 -12"><span class='ocrx_word' id='word_1_74' title='bbox 93 949 293 993; x_wconf 87' lang='lat' dir='ltr'>formam</span> <span class='ocrx_word' id='word_1_75' title='bbox 323 963 352 993; x_wconf 89' lang='lat' dir='ltr'>a</span> <span class='ocrx_word' id='word_1_76' title='bbox 381 949 524 1005; x_wconf 89' lang='lat' dir='ltr'>poeta</span> <span class='ocrx_word' id='word_1_77' title='bbox 554 946 809 991; x_wconf 86' lang='lat' dir='ltr'>admissam</span> <span class='ocrx_word' id='word_1_78' title='bbox 838 946 999 1004; x_wconf 86' lang='lat' dir='ltr'>fuisse)</span> 
     </span>
    </p>
   </div>
   <div class='ocr_carea' id='block_1_6' title="bbox 98 1057 1775 1477">
    <p class='ocr_par' dir='ltr' id='par_1_6' title="bbox 98 1057 1775 1477">
     <span class='ocr_line' id='line_1_11' title="bbox 908 1057 960 1104; baseline 0 0"><span class='ocrx_word' id='word_1_79' title='bbox 908 1057 960 1104; x_wconf 94' lang='grc' dir='ltr'>Π</span> 
     </span>
     <span class='ocr_line' id='line_1_12' title="bbox 98 1140 1479 1213; baseline -0.002 -16"><span class='ocrx_word' id='word_1_80' title='bbox 98 1185 110 1197; x_wconf 94' lang='grc'><strong>.</strong></span> <span class='ocrx_word' id='word_1_81' title='bbox 151 1185 161 1195; x_wconf 96' lang='grc'><strong>.</strong></span> <span class='ocrx_word' id='word_1_82' title='bbox 201 1184 214 1197; x_wconf 91' lang='grc'><strong>.</strong></span> <span class='ocrx_word' id='word_1_83' title='bbox 252 1184 262 1195; x_wconf 92' lang='grc'><strong>.</strong></span> <span class='ocrx_word' id='word_1_84' title='bbox 305 1160 458 1213; x_wconf 87' lang='lat' dir='ltr'>geme</span> <span class='ocrx_word' id='word_1_85' title='bbox 495 1141 640 1194; x_wconf 71' lang='lat' dir='ltr'>meas</span> <span class='ocrx_word' id='word_1_86' title='bbox 678 1141 944 1210; x_wconf 79' lang='lat' dir='ltr'>fortunaS,</span> <span class='ocrx_word' id='word_1_87' title='bbox 982 1141 1167 1195; x_wconf 72' lang='lat' dir='ltr'>mater.</span> <span class='ocrx_word' id='word_1_88' title='bbox 1208 1173 1278 1179; x_wconf 94' lang='lat'>—</span> <span class='ocrx_word' id='word_1_89' title='bbox 1317 1140 1479 1194; x_wconf 82' lang='lat' dir='ltr'>Hem!</span> 
     </span>
     <span class='ocr_line' id='line_1_13' title="bbox 99 1230 1455 1299; baseline -0.001 -15"><span class='ocrx_word' id='word_1_90' title='bbox 99 1230 215 1294; x_wconf 86' lang='lat' dir='ltr'>Qua</span> <span class='ocrx_word' id='word_1_91' title='bbox 254 1235 411 1283; x_wconf 78' lang='lat' dir='ltr'>causa</span> <span class='ocrx_word' id='word_1_92' title='bbox 447 1230 553 1283; x_wconf 84' lang='lat' dir='ltr'>huo</span> <span class='ocrx_word' id='word_1_93' title='bbox 591 1247 749 1299; x_wconf 90' lang='lat' dir='ltr'>opere</span> <span class='ocrx_word' id='word_1_94' title='bbox 787 1230 1038 1282; x_wconf 71' lang='lat' dir='ltr'>maxumo</span> <span class='ocrx_word' id='word_1_95' title='bbox 1078 1230 1455 1283; x_wconf 73' lang='lat' dir='ltr'>contenditur?</span> 
     </span>
     <span class='ocr_line' id='line_1_14' title="bbox 214 1330 1775 1388; baseline -0.001 -12"><span class='ocrx_word' id='word_1_96' title='bbox 214 1331 394 1376; x_wconf 87' lang='lat' dir='ltr'>Nonius</span> <span class='ocrx_word' id='word_1_97' title='bbox 412 1336 512 1388; x_wconf 84' lang='lat'>260,</span> <span class='ocrx_word' id='word_1_98' title='bbox 531 1336 557 1375; x_wconf 91' lang='grc'>8</span> <span class='ocrx_word' id='word_1_99' title='bbox 576 1330 904 1375; x_wconf 78' lang='lat' dir='ltr'>‘contendit</span> <span class='ocrx_word' id='word_1_100' title='bbox 925 1330 1157 1388; x_wconf 78' lang='lat' dir='ltr'>proripuit</span> <span class='ocrx_word' id='word_1_101' title='bbox 1172 1330 1249 1375; x_wconf 92' lang='lat' dir='ltr'>uel</span> <span class='ocrx_word' id='word_1_102' title='bbox 1266 1330 1437 1375; x_wconf 87' lang='lat' dir='ltr'>direxit</span> <span class='ocrx_word' id='word_1_103' title='bbox 1453 1330 1709 1388; x_wconf 86' lang='lat' dir='ltr'>significat.</span> <span class='ocrx_word' id='word_1_104' title='bbox 1724 1366 1733 1375; x_wconf 90' lang='lat'><strong>.</strong></span> <span class='ocrx_word' id='word_1_105' title='bbox 1747 1331 1775 1374; x_wconf 89' lang='lat'>.&#39;</span> 
     </span>
     <span class='ocr_line' id='line_1_15' title="bbox 219 1420 1711 1477; baseline -0.001 -13"><span class='ocrx_word' id='word_1_106' title='bbox 219 1424 241 1463; x_wconf 92' lang='lat'>1</span> <span class='ocrx_word' id='word_1_107' title='bbox 275 1433 409 1477; x_wconf 87' lang='lat' dir='ltr'>geme</span> <span class='ocrx_word' id='word_1_108' title='bbox 439 1433 568 1463; x_wconf 87' lang='lat' dir='ltr'>meas</span> <span class='ocrx_word' id='word_1_109' title='bbox 599 1420 834 1465; x_wconf 79' lang='lat' dir='ltr'>Mereerus</span> <span class='ocrx_word' id='word_1_110' title='bbox 863 1432 1099 1476; x_wconf 88' lang='lat' dir='ltr'>gemmeas</span> <span class='ocrx_word' id='word_1_111' title='bbox 1132 1437 1167 1464; x_wconf 85' lang='grc' dir='ltr'><strong>ω</strong></span> <span class='ocrx_word' id='word_1_112' title='bbox 1258 1420 1484 1465; x_wconf 73' lang='lat' dir='ltr'>Personas</span> <span class='ocrx_word' id='word_1_113' title='bbox 1514 1420 1711 1465; x_wconf 63' lang='lat' dir='ltr'>distineri</span> 
     </span>
    </p>
   </div>
   <div class='ocr_carea' id='block_1_7' title="bbox 98 1531 1523 1861">
    <p class='ocr_par' dir='ltr' id='par_1_7' title="bbox 98 1531 1523 1861">
     <span class='ocr_line' id='line_1_16' title="bbox 900 1531 978 1578; baseline 0 0"><span class='ocrx_word' id='word_1_114' title='bbox 900 1531 978 1578; x_wconf 93' lang='grc' dir='ltr'>ΙΠ</span> 
     </span>
     <span class='ocr_line' id='line_1_17' title="bbox 98 1595 1504 1684; baseline 0.001 -17"><span class='ocrx_word' id='word_1_115' title='bbox 98 1595 331 1684; x_wconf 58' lang='lat' dir='ltr'>Disperii</span> <span class='ocrx_word' id='word_1_116' title='bbox 369 1614 584 1667; x_wconf 75' lang='lat' dir='ltr'>mjsera:</span> <span class='ocrx_word' id='word_1_117' title='bbox 621 1614 752 1683; x_wconf 73' lang='lat' dir='ltr'>(ut)</span> <span class='ocrx_word' id='word_1_118' title='bbox 790 1616 1003 1668; x_wconf 64' lang='lat' dir='ltr'>aterum</span> <span class='ocrx_word' id='word_1_119' title='bbox 1041 1615 1309 1668; x_wconf 58' lang='lat' dir='ltr'>cruciatur</span> <span class='ocrx_word' id='word_1_120' title='bbox 1345 1615 1504 1668; x_wconf 74' lang='lat' dir='ltr'>mihi!</span> 
     </span>
     <span class='ocr_line' id='line_1_18' title="bbox 178 1715 1332 1772; baseline 0.001 -13"><span class='ocrx_word' id='word_1_121' title='bbox 178 1730 180 1732; x_wconf 89' lang='lat'>·</span> <span class='ocrx_word' id='word_1_122' title='bbox 218 1715 399 1760; x_wconf 88' lang='lat' dir='ltr'>Nonius</span> <span class='ocrx_word' id='word_1_123' title='bbox 433 1719 532 1772; x_wconf 87' lang='lat'>229,</span> <span class='ocrx_word' id='word_1_124' title='bbox 565 1719 621 1758; x_wconf 86' lang='lat'>32</span> <span class='ocrx_word' id='word_1_125' title='bbox 658 1715 879 1759; x_wconf 84' lang='lat' dir='ltr'>‘uterus</span> <span class='ocrx_word' id='word_1_126' title='bbox 913 1752 922 1760; x_wconf 91' lang='lat'>.</span> <span class='ocrx_word' id='word_1_127' title='bbox 950 1752 959 1761; x_wconf 92' lang='lat'><strong>.</strong></span> <span class='ocrx_word' id='word_1_128' title='bbox 987 1752 996 1761; x_wconf 95' lang='lat'><strong>.</strong></span> <span class='ocrx_word' id='word_1_129' title='bbox 1029 1718 1195 1761; x_wconf 88' lang='lat' dir='ltr'>neutro</span> <span class='ocrx_word' id='word_1_130' title='bbox 1229 1754 1238 1762; x_wconf 90' lang='lat'><strong>.</strong></span> <span class='ocrx_word' id='word_1_131' title='bbox 1266 1753 1275 1761; x_wconf 91' lang='lat'><strong>.</strong></span> <span class='ocrx_word' id='word_1_132' title='bbox 1303 1717 1332 1760; x_wconf 90' lang='lat'>.’</span> 
     </span>
     <span class='ocr_line' id='line_1_19' title="bbox 219 1802 1523 1861; baseline 0.002 -14"><span class='ocrx_word' id='word_1_133' title='bbox 219 1802 413 1861; x_wconf 86' lang='lat' dir='ltr'>disperii</span> <span class='ocrx_word' id='word_1_134' title='bbox 445 1805 542 1850; x_wconf 81' lang='lat' dir='ltr'>edd.</span> <span class='ocrx_word' id='word_1_135' title='bbox 576 1803 767 1861; x_wconf 89' lang='lat' dir='ltr'>diisperi</span> <span class='ocrx_word' id='word_1_136' title='bbox 798 1821 832 1848; x_wconf 87' lang='grc' dir='ltr'><em>ω</em></span> <span class='ocrx_word' id='word_1_137' title='bbox 952 1806 1006 1848; x_wconf 92' lang='grc'><strong>1113</strong></span> <span class='ocrx_word' id='word_1_138' title='bbox 1039 1804 1339 1861; x_wconf 66' lang='lat' dir='ltr'>Grautoffius,</span> <span class='ocrx_word' id='word_1_139' title='bbox 1363 1819 1454 1850; x_wconf 70' lang='lat' dir='ltr'>vom.</span> <span class='ocrx_word' id='word_1_140' title='bbox 1487 1821 1523 1849; x_wconf 90' lang='grc' dir='ltr'><strong><em>ω</em></strong></span> 
     </span>
    </p>
   </div>
   <div class='ocr_carea' id='block_1_8' title="bbox 103 1914 1865 2068">
    <p class='ocr_par' dir='ltr' id='par_1_8' title="bbox 103 1914 1865 2068">
     <span class='ocr_line' id='line_1_20' title="bbox 903 1914 977 1962; baseline -0.027 0"><span class='ocrx_word' id='word_1_141' title='bbox 903 1914 977 1962; x_wconf 90' lang='lat' dir='ltr'>IV</span> 
     </span>
     <span class='ocr_line' id='line_1_21' title="bbox 103 1996 1865 2068; baseline 0 -16"><span class='ocrx_word' id='word_1_142' title='bbox 103 1996 321 2052; x_wconf 85' lang='lat' dir='ltr'>Certum</span> <span class='ocrx_word' id='word_1_143' title='bbox 360 1998 421 2050; x_wconf 70' lang='lat' dir='ltr'>ao</span> <span class='ocrx_word' id='word_1_144' title='bbox 459 1997 810 2051; x_wconf 75' lang='lat' dir='ltr'>deliberatum</span> <span class='ocrx_word' id='word_1_145' title='bbox 850 2001 930 2051; x_wconf 86' lang='lat' dir='ltr'>est</span> <span class='ocrx_word' id='word_1_146' title='bbox 966 2016 1050 2051; x_wconf 91' lang='lat' dir='ltr'>me</span> <span class='ocrx_word' id='word_1_147' title='bbox 1090 1997 1198 2050; x_wconf 83' lang='lat' dir='ltr'>illis</span> <span class='ocrx_word' id='word_1_148' title='bbox 1237 1998 1474 2068; x_wconf 75' lang='lat' dir='ltr'>obsequi.</span> <span class='ocrx_word' id='word_1_149' title='bbox 1780 2012 1865 2052; x_wconf 89' lang='lat'>180</span> 
     </span>
    </p>
   </div>
   <div class='ocr_carea' id='block_1_9' title="bbox 103 2098 1782 2393">
    <p class='ocr_par' dir='ltr' id='par_1_9' title="bbox 103 2098 1782 2393">
     <span class='ocr_line' id='line_1_22' title="bbox 223 2098 1782 2156; baseline 0.001 -14"><span class='ocrx_word' id='word_1_150' title='bbox 223 2098 402 2143; x_wconf 85' lang='lat' dir='ltr'>Nonius</span> <span class='ocrx_word' id='word_1_151' title='bbox 436 2103 544 2156; x_wconf 88' lang='lat'>282,</span> <span class='ocrx_word' id='word_1_152' title='bbox 578 2104 633 2143; x_wconf 89' lang='lat'>10</span> <span class='ocrx_word' id='word_1_153' title='bbox 667 2099 1098 2155; x_wconf 81' lang='lat' dir='ltr'>‘deliberatum,</span> <span class='ocrx_word' id='word_1_154' title='bbox 1138 2099 1470 2156; x_wconf 82' lang='lat' dir='ltr'>complacitum</span> <span class='ocrx_word' id='word_1_155' title='bbox 1507 2098 1584 2143; x_wconf 93' lang='lat' dir='ltr'>uel</span> <span class='ocrx_word' id='word_1_156' title='bbox 1622 2098 1782 2144; x_wconf 83' lang='lat' dir='ltr'>defini-</span> 
     </span>
     <span class='ocr_line' id='line_1_23' title="bbox 103 2157 1782 2216; baseline 0.001 -15"><span class='ocrx_word' id='word_1_157' title='bbox 103 2159 238 2202; x_wconf 89' lang='lat' dir='ltr'>tum.’</span> <span class='ocrx_word' id='word_1_158' title='bbox 302 2158 432 2202; x_wconf 88' lang='lat' dir='ltr'>Idem</span> <span class='ocrx_word' id='word_1_159' title='bbox 462 2163 563 2214; x_wconf 86' lang='lat'>429,</span> <span class='ocrx_word' id='word_1_160' title='bbox 596 2163 650 2202; x_wconf 88' lang='lat'>21</span> <span class='ocrx_word' id='word_1_161' title='bbox 688 2158 915 2216; x_wconf 78' lang='lat' dir='ltr'>‘cogitare</span> <span class='ocrx_word' id='word_1_162' title='bbox 947 2160 1019 2202; x_wconf 90' lang='lat' dir='ltr'>est</span> <span class='ocrx_word' id='word_1_163' title='bbox 1050 2158 1288 2215; x_wconf 87' lang='lat' dir='ltr'>dubitare,</span> <span class='ocrx_word' id='word_1_164' title='bbox 1322 2157 1644 2203; x_wconf 86' lang='lat' dir='ltr'>deliberare</span> <span class='ocrx_word' id='word_1_165' title='bbox 1675 2172 1782 2203; x_wconf 87' lang='lat' dir='ltr'>con-</span> 
     </span>
     <span class='ocr_line' id='line_1_24' title="bbox 103 2217 1780 2275; baseline 0.001 -15"><span class='ocrx_word' id='word_1_166' title='bbox 103 2217 298 2261; x_wconf 88' lang='lat' dir='ltr'>firmare.</span> <span class='ocrx_word' id='word_1_167' title='bbox 361 2217 596 2274; x_wconf 86' lang='lat' dir='ltr'>Turpilius</span> <span class='ocrx_word' id='word_1_168' title='bbox 640 2217 1007 2263; x_wconf 89' lang='lat' dir='ltr'>Boethuntibus:</span> <span class='ocrx_word' id='word_1_169' title='bbox 1055 2231 1229 2274; x_wconf 86' lang='lat' dir='ltr'>quaeso</span> <span class='ocrx_word' id='word_1_170' title='bbox 1269 2217 1427 2275; x_wconf 85' lang='lat' dir='ltr'>cogita</span> <span class='ocrx_word' id='word_1_171' title='bbox 1465 2231 1520 2262; x_wconf 84' lang='lat' dir='ltr'>ac</span> <span class='ocrx_word' id='word_1_172' title='bbox 1559 2217 1780 2262; x_wconf 87' lang='lat' dir='ltr'>delibera.</span> 
     </span>
     <span class='ocr_line' id='line_1_25' title="bbox 103 2275 1778 2378; baseline 0.001 -59"><span class='ocrx_word' id='word_1_173' title='bbox 103 2275 526 2378; x_wconf 46' lang='lat' dir='ltr'>idemBFilcinatro:</span> <span class='ocrx_word' id='word_1_174' title='bbox 558 2279 735 2321; x_wconf 87' lang='lat' dir='ltr'>eertum</span> <span class='ocrx_word' id='word_1_175' title='bbox 767 2277 835 2321; x_wconf 85' lang='lat' dir='ltr'>ac&#39;</span> <span class='ocrx_word' id='word_1_176' title='bbox 869 2290 907 2322; x_wconf 92' lang='lat' dir='ltr'>e.</span> <span class='ocrx_word' id='word_1_177' title='bbox 941 2291 983 2332; x_wconf 92' lang='lat' dir='ltr'>q.</span> <span class='ocrx_word' id='word_1_178' title='bbox 1019 2291 1053 2321; x_wconf 91' lang='lat' dir='ltr'>s.</span> <span class='ocrx_word' id='word_1_179' title='bbox 1101 2276 1349 2335; x_wconf 79' lang='lat' dir='ltr'>(‘delibe1·a</span> <span class='ocrx_word' id='word_1_180' title='bbox 1382 2313 1390 2322; x_wconf 94' lang='lat'><strong><em>.</em></strong></span> <span class='ocrx_word' id='word_1_181' title='bbox 1419 2313 1428 2321; x_wconf 90' lang='lat'><strong>.</strong></span> <span class='ocrx_word' id='word_1_182' title='bbox 1456 2313 1464 2320; x_wconf 94' lang='lat'><em>.</em></span> <span class='ocrx_word' id='word_1_183' title='bbox 1498 2278 1676 2321; x_wconf 85' lang='lat' dir='ltr'>certum</span> <span class='ocrx_word' id='word_1_184' title='bbox 1707 2277 1778 2321; x_wconf 82' lang='lat' dir='ltr'>ac’</span> 
     </span>
     <span class='ocr_line' id='line_1_26' title="bbox 104 2337 410 2393; baseline -0.007 -13"><span class='ocrx_word' id='word_1_185' title='bbox 104 2349 195 2381; x_wconf 90' lang='lat' dir='ltr'>om.</span> <span class='ocrx_word' id='word_1_186' title='bbox 267 2349 344 2379; x_wconf 88' lang='lat' dir='ltr'>am</span> <span class='ocrx_word' id='word_1_187' title='bbox 381 2337 410 2393; x_wconf 93' lang='lat'>.)</span> 
     </span>
    </p>
   </div>
   <div class='ocr_carea' id='block_1_10' title="bbox 104 2416 1422 2569">
    <p class='ocr_par' dir='ltr' id='par_1_10' title="bbox 104 2416 1422 2569">
     <span class='ocr_line' id='line_1_27' title="bbox 920 2416 972 2462; baseline 0 -9"><span class='ocrx_word' id='word_1_188' title='bbox 920 2416 972 2462; x_wconf 85' lang='lat' dir='ltr'>v.</span> 
     </span>
     <span class='ocr_line' id='line_1_28' title="bbox 104 2498 1422 2569; baseline 0 -17"><span class='ocrx_word' id='word_1_189' title='bbox 104 2499 277 2553; x_wconf 88' lang='lat' dir='ltr'>Loous</span> <span class='ocrx_word' id='word_1_190' title='bbox 314 2498 429 2569; x_wconf 81' lang='lat' dir='ltr'>ipse</span> <span class='ocrx_word' id='word_1_191' title='bbox 467 2499 664 2554; x_wconf 89' lang='lat' dir='ltr'>inuitat</span> <span class='ocrx_word' id='word_1_192' title='bbox 700 2500 878 2554; x_wconf 74' lang='lat' dir='ltr'>hercle</span> <span class='ocrx_word' id='word_1_193' title='bbox 915 2501 1004 2567; x_wconf 85' lang='lat' dir='ltr'>hio</span> <span class='ocrx_word' id='word_1_194' title='bbox 1041 2499 1266 2553; x_wconf 89' lang='lat' dir='ltr'>Veneris</span> <span class='ocrx_word' id='word_1_195' title='bbox 1307 2541 1318 2553; x_wconf 89' lang='lat'><strong>.</strong></span> <span class='ocrx_word' id='word_1_196' title='bbox 1358 2542 1369 2552; x_wconf 92' lang='lat'>.</span> <span class='ocrx_word' id='word_1_197' title='bbox 1410 2541 1422 2553; x_wconf 93' lang='lat'><strong><em>.</em></strong></span> 
     </span>
    </p>
   </div>
   <div class='ocr_carea' id='block_1_11' title="bbox 105 2599 1782 2717">
    <p class='ocr_par' dir='ltr' id='par_1_11' title="bbox 105 2599 1782 2717">
     <span class='ocr_line' id='line_1_29' title="bbox 221 2599 1782 2661; baseline 0 -17"><span class='ocrx_word' id='word_1_198' title='bbox 221 2600 401 2644; x_wconf 87' lang='lat' dir='ltr'>Nonius</span> <span class='ocrx_word' id='word_1_199' title='bbox 426 2605 526 2657; x_wconf 85' lang='lat'>321,</span> <span class='ocrx_word' id='word_1_200' title='bbox 546 2605 602 2644; x_wconf 88' lang='lat'>14</span> <span class='ocrx_word' id='word_1_201' title='bbox 627 2601 897 2646; x_wconf 78' lang='lat' dir='ltr'>‘inuitari</span> <span class='ocrx_word' id='word_1_202' title='bbox 929 2603 1001 2645; x_wconf 88' lang='lat' dir='ltr'>est</span> <span class='ocrx_word' id='word_1_203' title='bbox 1024 2600 1253 2645; x_wconf 82' lang='lat' dir='ltr'>delectari</span> <span class='ocrx_word' id='word_1_204' title='bbox 1274 2637 1283 2646; x_wconf 91' lang='lat'><strong>.</strong></span> <span class='ocrx_word' id='word_1_205' title='bbox 1311 2637 1320 2646; x_wconf 89' lang='lat'><strong><em>.</em></strong></span> <span class='ocrx_word' id='word_1_206' title='bbox 1347 2636 1358 2647; x_wconf 87' lang='lat'><strong>.</strong></span> <span class='ocrx_word' id='word_1_207' title='bbox 1383 2599 1619 2658; x_wconf 84' lang='lat' dir='ltr'>Turpilius</span> <span class='ocrx_word' id='word_1_208' title='bbox 1637 2600 1782 2661; x_wconf 85' lang='lat' dir='ltr'>Thra-</span> 
     </span>
     <span class='ocr_line' id='line_1_30' title="bbox 105 2659 1253 2717; baseline 0 -14"><span class='ocrx_word' id='word_1_209' title='bbox 105 2659 292 2716; x_wconf 85' lang='lat' dir='ltr'>syleone</span> <span class='ocrx_word' id='word_1_210' title='bbox 327 2695 336 2704; x_wconf 92' lang='lat'><strong>.</strong></span> <span class='ocrx_word' id='word_1_211' title='bbox 363 2696 372 2704; x_wconf 89' lang='lat'>.</span> <span class='ocrx_word' id='word_1_212' title='bbox 399 2695 410 2705; x_wconf 84' lang='lat'><strong>.</strong></span> <span class='ocrx_word' id='word_1_213' title='bbox 442 2659 567 2704; x_wconf 92' lang='lat' dir='ltr'>idem</span> <span class='ocrx_word' id='word_1_214' title='bbox 597 2660 856 2717; x_wconf 87' lang='lat' dir='ltr'>Filopatro:</span> <span class='ocrx_word' id='word_1_215' title='bbox 889 2660 1036 2705; x_wconf 86' lang='lat' dir='ltr'>locus’</span> <span class='ocrx_word' id='word_1_216' title='bbox 1071 2673 1109 2705; x_wconf 90' lang='lat' dir='ltr'>e.</span> <span class='ocrx_word' id='word_1_217' title='bbox 1142 2675 1186 2716; x_wconf 88' lang='lat' dir='ltr'>q.</span> <span class='ocrx_word' id='word_1_218' title='bbox 1218 2675 1253 2704; x_wconf 90' lang='lat' dir='ltr'>s.</span> 
     </span>
    </p>
   </div>
   <div class='ocr_carea' id='block_1_12' title="bbox 223 2747 979 2876">
    <p class='ocr_par' dir='ltr' id='par_1_12' title="bbox 223 2747 979 2876">
     <span class='ocr_line' id='line_1_31' title="bbox 223 2747 711 2806; baseline 0.002 -15"><span class='ocrx_word' id='word_1_219' title='bbox 223 2747 352 2792; x_wconf 85' lang='lat' dir='ltr'>loeus</span> <span class='ocrx_word' id='word_1_220' title='bbox 384 2748 483 2792; x_wconf 91' lang='lat' dir='ltr'>BL</span> <span class='ocrx_word' id='word_1_221' title='bbox 513 2747 644 2792; x_wconf 88' lang='lat' dir='ltr'>lucus</span> <span class='ocrx_word' id='word_1_222' title='bbox 676 2767 711 2806; x_wconf 87' lang='grc' dir='ltr'>φ</span> 
     </span>
     <span class='ocr_line' id='line_1_32' title="bbox 907 2828 979 2876; baseline 0 0"><span class='ocrx_word' id='word_1_223' title='bbox 907 2828 979 2876; x_wconf 91' lang='lat' dir='ltr'>VI</span> 
     </span>
    </p>
   </div>
   <div class='ocr_carea' id='block_1_13' title="bbox 107 2910 1518 2983">
    <p class='ocr_par' dir='ltr' id='par_1_13' title="bbox 107 2910 1518 2983">
     <span class='ocr_line' id='line_1_33' title="bbox 107 2910 1518 2983; baseline 0.001 -19"><span class='ocrx_word' id='word_1_224' title='bbox 107 2910 246 2965; x_wconf 81' lang='lat' dir='ltr'>Ecce</span> <span class='ocrx_word' id='word_1_225' title='bbox 283 2915 484 2983; x_wconf 79' lang='lat' dir='ltr'>autem,</span> <span class='ocrx_word' id='word_1_226' title='bbox 529 2913 663 2966; x_wconf 92' lang='lat' dir='ltr'>mihi</span> <span class='ocrx_word' id='word_1_227' title='bbox 701 2913 884 2966; x_wconf 79' lang='lat' dir='ltr'>uidere</span> <span class='ocrx_word' id='word_1_228' title='bbox 923 2916 1017 2966; x_wconf 90' lang='lat' dir='ltr'>tuo</span> <span class='ocrx_word' id='word_1_229' title='bbox 1055 2930 1224 2983; x_wconf 86' lang='lat' dir='ltr'>more,</span> <span class='ocrx_word' id='word_1_230' title='bbox 1262 2916 1324 2965; x_wconf 79' lang='grc'><strong>1113</strong></span> <span class='ocrx_word' id='word_1_231' title='bbox 1363 2912 1518 2983; x_wconf 65' lang='lat' dir='ltr'>soles»,</span> 
     </span>
    </p>
   </div>
  </div>
 </body>
</html>
