2060 3140
650 983 1258 1055 TITINIVS

771 1157 1125 1206 BARBATVS

225 1254 461 1299 BARBA'rvs
493 1255 686 1299 inscribi
716 1254 854 1299 iussit
883 1255 1128 1299 Mercerus.
1185 1255 1250 1300 Cf.
1270 1255 1417 1300 Varro
1451 1256 1508 1300 de
1540 1256 1571 1301 1.
1595 1256 1789 1302 1.V119

108 1314 278 1357 ‘nanus
320 1328 424 1358 cum
464 1314 640 1359 Graeco
678 1313 886 1370 nomine,
926 1316 974 1358 et
1012 1328 1119 1358 cum
1154 1314 1324 1359 Latino
1362 1314 1570 1372 nomine,
1611 1315 1790 1361 Graeca

108 1372 258 1429 figura
289 1373 600 1419 barbatus.’
656 1373 792 1418 Pauli
822 1373 991 1417 Festus
1018 1389 1063 1430 p.
1091 1378 1175 1418 176
1200 1374 1261 1419 Μ.
1291 1375 1483 1418 ‘nanum
1507 1374 1672 1419 Graeci
1703 1390 1788 1419 uas

107 1431 356 1487 aquarium
386 1432 550 1477 dicunt
579 1432 754 1477 humile
786 1435 834 1476 et
864 1446 1144 1488 6011631111111,
1178 1434 1304 1489 quod
1335 1433 1478 1490 uulgo
1510 1437 1684 1479 uocant
1715 1435 1788 1478 si-

106 1490 290 1534 tulum
335 1491 661 1548 barbatum,
701 1491 824 1535 unde
863 1491 976 1535 nani
1012 1491 1293 1548 pumiliones
1327 1492 1656 1549 appellantur.’
1720 1493 1786 1540 Cf.

107 1548 216 1595 cel.
249 1550 292 1594 H
323 1555 393 1607 28,
426 1556 480 1595 22
515 1550 568 1596 Gr.
600 1551 877 1595 bardatus
920 1550 1093 1603 νάννος
1130 1551 1182 1595 τὸ
1222 1558 1397 1603 σκεῦος.
1461 1551 1552 1596 Sed
1590 1552 1788 1597 fortasse

105 1608 239 1652 aliud
282 1609 440 1654 neseio
488 1610 602 1666 quid
646 1610 697 1654 in
743 1609 956 1667 vestigiis
1001 1609 1206 1655 barato
1253 1611 1487 1655 barrato
1542 1611 1787 1656 barnato

105 1667 339 1713 baratto
371 1672 603 1714 varrato
635 1683 799 1714 varro
831 1669 962 1714 latet.

382 1840 384 1843 .
930 1795 956 1842 Ι

106 1921 117 1930 .
158 1921 168 1930 .
208 1878 482 1932 inauratae
521 1880 681 1948 atque
721 1879 955 1931 inlautae
993 1879 1233 1931 mulieris

223 1978 460 2024 Charisius
491 1995 535 2036 p.
564 1984 647 2023 181
672 1980 721 2037 P,
759 1979 1086 2024 ‘inauratae
1116 1993 1200 2036 pro
1223 1993 1319 2023 non
1342 1981 1549 2023 auratae.
1581 1977 1784 2023 Titinius

105 2037 155 2082 in
185 2037 442 2085 barrato:
474 2038 737 2083 inauratae’
773 2053 810 2083 e.
837 2054 880 2094 q.
907 2053 941 2083 s.
1003 2038 1071 2083 cf.
1103 2037 1261 2082 Plauti
1291 2038 1413 2082 Men.
1446 2043 1546 2082 801.

220 2127 438 2172 mulieres
469 2129 670 2186 intellegi
699 2129 872 2173 mavult
901 2128 996 2172 Leo
1028 2127 1102 2171 Pl.
1137 2127 1193 2171 F.
1226 2131 1325 2171 327.

914 2251 965 2298 H

105 2377 116 2387 .
155 2334 304 2404 prius
344 2353 503 2404 quam
542 2337 671 2389 aur6
709 2335 951 2406 priuatae
988 2339 1385 2405 purpuramque
1424 2337 1578 2404 aptae
1616 2335 1783 2388 simus

223 2435 459 2480 Charisius
498 2452 542 2503 p.
575 2442 661 2480 212
693 2437 742 2481 Ρ.
779 2437 826 2480 ‘a
863 2450 947 2493 pro
987 2436 1047 2480 ad
1087 2437 1185 2493 (‘ap
1215 2450 1299 2492 pro
1333 2436 1377 2479 a’
1411 2436 1527 2492 Β116)
1562 2435 1782 2480 ‘Titinius

101 2494 152 2538 in
183 2495 411 2541 barato:
451 2510 578 2552 prius
610 2497 769 2552 quam’
804 2509 841 2541 e.
875 2510 918 2551 q.
952 2510 986 2539 s.
1050 2496 1177 2538 ‘nam
1208 2497 1256 2539 et
1288 2509 1399 2552 apes
1439 2494 1575 2551 quasi
1614 2497 1781 2552 aptae

102 2556 224 2610 sunt,
257 2555 383 2609 quod
413 2554 616 2599 inuicem
646 2554 960 2612 colligantur)
1025 2553 1318 2611 (titinnius
1349 2554 1451 2598 Par.
1652 2554 1781 2598 bar-

100 2615 236 2657 nato
268 2614 371 2658 Par.
407 2613 679 2659 barathro
713 2614 783 2659 ed.
815 2616 901 2671 pr.)

221 2704 362 2758 aptae
394 2701 537 2747 simus
566 2705 731 2760 scripsi
770 2701 1024 2761 abtesimus
1056 2702 1202 2759 Neap.
1245 2701 1525 2746 subtesimus
1557 2703 1668 2747 Par.
1701 2702 1783 2746 ab·

101 2759 300 2804 teximus
332 2762 398 2806 ed.
424 2776 499 2818 pr.
533 2763 782 2807 atteximus
814 2762 1051 2807 Mei-cerus
1180 2774 1477 2821 purpuraque
1509 2775 1568 2818 ap
1600 2763 1647 2806 te
1678 2761 1782 2806 Rue

189 2820 264 2864 De
302 2822 448 2864 simus
485 2822 636 2876 forma
673 2823 773 2867 vide
812 2821 1023 2866 Marium
1062 2821 1346 2866 Victorinum
1380 2835 1429 2877 p.
1463 2825 1578 2865 2456
1611 2821 1664 2864 Ρ.
1705 2821 1780 2878 (cf.

101 2879 237 2923 etiam
262 2881 460 2938 proleyy.
492 2894 591 2926 mea
629 2882 755 2939 Very.
782 2895 830 2937 p.
857 2882 960 2936 394)
1080 2894 1124 2936 p.
1151 2893 1263 2923 auro
1289 2879 1518 2939 (sumus)
1548 2895 1592 2937 p.
1622 2895 1665 2937 p.
1692 2893 1781 2935 que

103 2936 341 2982 amisimus
375 2939 578 2985 Koehius
608 2955 716 2985 ann.
737 2940 912 2996 philon.
949 2943 1063 2983 1874
1089 2953 1137 2995 p.
1166 2943 1264 2983 137.
