2060 3140
413 120 495 164 EX
524 119 800 165 INCERTIS
831 119 1231 165 INCERTORVM
1260 120 1512 165 FABVLIS
1694 120 1798 172 137

247 253 397 297 Paulo
437 253 628 298 leniores
662 266 870 298 numeros
909 266 966 297 ea
1005 252 1295 311 seditiosast,
1328 267 1433 297 cum
1471 254 1539 297 vel
1577 256 1648 297 est
1687 269 1720 298 s.
1754 256 1802 298 et

129 326 234 355 cum
267 311 493 357 Ciceronis
522 313 656 357 verba
679 313 973 369 praecludere
1002 314 1213 358 videntur

919 421 1010 469 XX

229 547 241 558 .
283 547 292 557 .
334 505 479 557 6mni
518 505 676 558 modo
717 524 859 558 ames
899 505 1004 575 qua
1041 506 1158 559 ioco
1200 525 1305 576 qua
1343 506 1495 559 serio.

244 605 417 649 Fronto
449 604 583 662 epist.
617 606 679 649 ad
708 606 769 650 M.
797 606 1040 651 Caesarem
1062 607 1084 650 I
1108 611 1134 650 8
1164 622 1209 664 p.
1236 611 1292 651 24
1322 604 1443 652 Nab.
1481 606 1604 651 ‘uale
1637 609 1685 651 et
1714 620 1801 663 me,

126 665 330 721 obsecro,
364 665 511 709 omni
542 665 723 709 modo’
759 679 795 710 e.
822 680 865 721 q.
891 681 926 710 s,

246 752 372 796 omni
401 753 562 810 modo,
594 767 689 798 non
719 753 1004 810 omnimode,
1038 755 1090 798 in
1119 755 1213 799 cod.
1245 756 1464 811 scriptum
1494 768 1583 799 esse
1612 759 1805 800 testatur

126 811 464 858 Studemwndus
493 814 555 857 ad
585 813 893 857 Klussmanni
922 814 1088 857 emend.
1124 812 1284 858 From.
1311 828 1361 871 p.
1386 813 1536 857 XXIV
1663 813 1803 858 Sena-

125 873 247 916 rium
277 873 452 929 explere
482 871 590 915 med
620 872 828 916 addendo
857 873 988 916 ‘nolui

904 981 1022 1028 XXI

127 1109 137 1118 .
179 1108 190 1118 .
229 1064 497 1118 Fortunae
535 1067 660 1117 sunt
699 1064 1079 1117 committenda
1119 1065 1318 1117 omnia:

128 1153 253 1207 Sine
291 1155 387 1223 spe
425 1171 679 1206 conamur
715 1154 838 1206 lilla.

247 1253 405 1298 Cicero
447 1254 508 1298 ad
539 1254 635 1299 Att.
668 1253 712 1297 X
743 1259 784 1310 2,
817 1258 843 1297 2
879 1254 1166 1310 ελαλοιγεῦσοι
1208 1253 1305 1298 iam
1343 1255 1498 1311 adest,
1540 1256 1587 1299 et
1626 1253 1811 1298 animus

127 1314 294 1369 ardet,'
331 1313 404 1371 (cf.
439 1312 607 1358 Caecil.
642 1316 746 1370 230)
781 1313 948 1368 ‘neque
980 1315 1052 1357 est
1083 1312 1354 1371 quicquam,
1395 1328 1487 1369 quo
1519 1316 1568 1358 et
1598 1327 1691 1369 qua
1723 1349 1733 1357 .
1761 1349 1769 1357 .
1797 1348 1807 1356 .

126 1386 198 1416 res
231 1374 340 1416 sunt
369 1371 735 1429 inexplicabiles,
797 1372 1107 1416 Fortunae'
1143 1386 1180 1417 e.
1214 1387 1256 1428 q.
1291 1387 1325 1417 s.
1390 1372 1575 1416 ‘Melius
1617 1372 1656 1415 si
1695 1371 1809 1428 quid

128 1430 365 1488 acciderit,
396 1431 702 1476 mirabimur.’
765 1431 939 1475 Poetae
970 1431 1114 1476 verba
1144 1445 1239 1475 non
1272 1434 1573 1489 agnoverunt.

892 1541 1036 1589 XXII

126 1625 316 1678 Artem
354 1643 421 1678 ne
458 1625 656 1694 pudeat
692 1625 943 1695 proloqui
983 1644 1143 1694 quam
1181 1625 1406 1679 factites
1841 1639 1899 1678 30

247 1725 406 1770 Cicero
439 1727 555 1769 orat.
586 1730 659 1783 43,
693 1730 777 1769 147
813 1726 903 1769 ‘me
935 1727 1093 1769 autem
1124 1725 1223 1770 siue
1261 1726 1808 1783 peruolgatissimus

127 1785 230 1830 ille
277 1798 497 1841 uersus,
545 1784 639 1841 qui
686 1786 849 1828 uetat
894 1786 1072 1828 artem
1116 1785 1328 1842 pudere
1372 1784 1642 1843 proloqui
1684 1800 1728 1841 q.
1760 1784 1807 1841 f.,

129 1843 424 1888 dissimulare
454 1857 549 1888 non
582 1843 695 1888 sinit
726 1843 839 1900 quin
871 1842 1087 1900 delecter,
1128 1843 1226 1888 siue
1257 1847 1392 1888 tuum
1423 1844 1631 1888 studium
1659 1845 1748 1888 hoc
1780 1858 1810 1889 a

127 1917 202 1948 me
240 1903 460 1947 uolumen
499 1902 751 1960 expressit’
787 1916 824 1947 e.
857 1917 901 1958 q.
935 1917 968 1946 s.
1029 1903 1248 1947 Fortasse
1285 1902 1499 1948 mimicus
1531 1917 1689 1948 versus
1723 1905 1807 1948 est.

254 1992 440 2037 Versum
471 2007 493 2037 e
526 1991 753 2037 Ciceronis
783 1992 927 2037 verbis
957 1992 1237 2046 conformavi

884 2115 1053 2163 mn

129 2197 238 2251 Ain
275 2199 511 2269 tandem,
548 2199 707 2252 leno?
747 2242 1070 2253 .......

252 2298 569 2352 Quintilianus
600 2301 664 2344 IX
695 2306 744 2357 3,
779 2306 833 2345 16
866 2301 942 2357 (de
982 2300 1141 2357 figuris
1181 2300 1231 2343 in
1275 2299 1632 2357 particularum,
1679 2299 1810 2344 velut

137 2359 238 2402 ‘sed
270 2358 427 2416 enim',
462 2360 589 2403 ‘nam
620 2359 760 2417 quis’,
796 2361 912 2404 ‘tam
934 2359 1113 2417 magis.
1135 2373 1333 2415 ..quam
1354 2359 1523 2416 magis’
1554 2374 1640 2402 usu
1664 2359 1808 2403 disse-

132 2420 254 2474 rens)
304 2417 449 2474 ‘pleni
494 2418 672 2463 talibus
720 2418 904 2475 antiqui
948 2421 1069 2463 sunt.
1130 2418 1267 2462 initio
1297 2418 1511 2462 Eunuchi
1542 2417 1807 2464 Terentius:

133 2476 248 2532 quid
278 2476 425 2534 igitur
453 2477 656 2524 faciam?
716 2478 883 2534 inquit.
948 2477 1118 2522 alius:
1151 2477 1245 2521 ain
1275 2477 1503 2521 tandem
1532 2477 1693 2523 leno?
1724 2476 1808 2522 Ca-

131 2535 278 2579 tullus
310 2535 360 2580 in
390 2536 729 2593 Epithalamio:
779 2538 890 2581 dum
928 2537 1127 2593 innupta
1156 2537 1339 2580 manet’
1375 2550 1413 2581 e.
1446 2551 1489 2592 q.
1522 2551 1556 2580 s,
1619 2535 1807 2593 (aliusz

132 2594 231 2639 ain
261 2594 487 2640 Halmius.
522 2595 672 2640 alius
702 2596 760 2640 in
789 2597 947 2640 Ambr.
980 2596 1142 2640 Bamb.
1177 2594 1384 2639 allusit
1413 2596 1593 2640 Monac.
1614 2595 1807 2652 Argent.

130 2654 184 2697 In
233 2653 383 2698 alius
430 2653 602 2699 litteris
640 2655 858 2699 Atilius
904 2655 980 2700 vel
1019 2654 1327 2710 Caecilius,
1374 2653 1516 2699 immo
1563 2654 1808 2711 Statius,

131 2712 279 2757 latere
312 2713 574 2770 suspicatur
603 2714 932 2771 Woelfflinus)

887 2823 1051 2871 XXIV

134 2898 238 2959 'Sed
276 2906 380 2959 sibi
419 2925 538 2960 cum
578 2908 761 2962 tetulit
800 2926 1050 2962 coronam
1090 2907 1159 2960 ob
1199 2906 1503 2978 coligandas
1541 2907 1779 2977 nuptiaS,
