2060 3140
214 155 286 208 32
864 152 956 198 ΟΝ.
987 152 1253 198 NAEVIVS

214 287 413 331 eundem
452 286 597 330 fuisse
636 284 911 342 accepimus.
973 285 1253 330 Naeuius.
1293 298 1451 340 cocus,
1491 284 1666 342 inquit,
1707 285 1805 329 edit
1835 285 1892 331 N

213 346 442 391 Venerem
473 344 696 390 Cererem.
760 343 994 400 significat
1022 357 1106 400 per
1137 343 1347 388 Cererem
1376 356 1566 400 panem,
1603 357 1688 401 per
1717 344 1820 401 Nep
1821 346 1896 388 tu-

213 419 326 448 num
347 404 514 461 pisces,
546 417 630 460 per
651 403 881 448 Venerem
902 401 1097 447 holera?
1169 402 1304 447 Tbes.
1329 416 1434 447 nov.
1459 402 1562 448 Lat.
1587 403 1617 447 1.
1636 402 1666 448 l.
1683 360 1820 447 VIIIp
1810 408 1893 447 131

217 464 284 508 ‘et
325 464 586 508 notandum
632 461 757 518 quod
798 474 1016 516 coquus
1061 463 1110 505 et
1153 461 1304 518 pistor
1347 461 1474 506 idem
1511 462 1636 519 apud
1675 461 1893 518 antiquos

214 522 512 578 dicebantur,
543 521 666 565 unde
696 519 934 565 Ennius:
968 534 1179 576 coquus.
1230 520 1523 565 ‚RVenerem

334 615 357 654 1
375 625 466 667 sqq.
494 610 657 655 Versus
678 609 914 654 constituit
928 608 1183 667 Landyraf
1197 610 1251 653 in
1273 608 1532 664 Woelfflini
1545 609 1892 668 arch.9‚172sq.

334 675 356 712 1
390 669 621 713 Venerem
653 666 863 712 Cererem
895 668 1075 712 Paulas
1193 672 1220 711 2
1253 669 1444 724 experta
1470 667 1643 714 Cassia.
1735 668 1895 712 uulca-

213 743 326 772 num
359 728 534 773 Cassia.
567 727 768 771 uulcano
794 727 909 783 Vat„
935 727 1142 783 praefert
1171 726 1274 771 Bae
1387 730 1414 770 3
1444 726 1622 784 pariter
1652 727 1894 773 obsorbuit

217 787 389 833 Cassia.
421 801 468 844 p.
494 785 737 831 absorbuit
770 786 869 831 Vat.

1009 866 1102 914 XV
1134 862 1139 865 ’

216 993 228 1004 .
268 994 278 1004 .
316 951 574 1021 petimine
611 950 832 1020 porcino
873 951 966 1020 qui
1004 951 1272 1007 meruerat

331 1050 496 1095 Festus
519 1065 564 1108 p.
585 1056 671 1096 209
688 1052 749 1096 Μ.
778 1050 1084 1108 ‘petimina
1114 1051 1165 1095 in
1195 1051 1367 1095 umeris
1397 1051 1708 1096 iumentorum
1738 1051 1897 1096 ulcera
1967 1055 1969 1058 ’

215 1136 270 1143 -
304 1123 358 1154 eo
398 1109 586 1155 nomine
625 1113 784 1155 autem
822 1112 871 1154 et
907 1109 1030 1154 inter
1067 1111 1183 1155 duos
1222 1124 1376 1154 armos
1417 1109 1512 1154 suis
1551 1111 1677 1167 quod
1711 1113 1783 1155 est
1815 1113 1898 1155 aut

215 1171 378 1226 pectus
417 1170 635 1226 (‘nectos’
678 1170 799 1226 cod.)
841 1169 1071 1226 appellari
1119 1169 1310 1214 solitum
1354 1171 1557 1214 testatur
1593 1169 1800 1214 Naeuius
1846 1169 1897 1214 in

217 1227 530 1285 descriptione
562 1228 729 1273 suillae
759 1228 965 1286 (‘sullae’
1000 1229 1120 1286 cod.)
1150 1243 1291 1285 quom
1322 1228 1411 1274 ait:
1448 1228 1691 1286 petimine’
1727 1243 1764 1274 e.
1790 1243 1832 1284 q.
1861 1243 1894 1273 S.

332 1316 524 1373 porcino
556 1318 864 1375 Dalecampas
893 1319 946 1362 in
977 1318 1102 1362 Ptin.
1133 1333 1179 1362 n.
1204 1319 1246 1363 h.
1270 1317 1385 1362 1137
1419 1317 1601 1374 piscino
1632 1318 1725 1363 cod.
1816 1317 1897 1362 A‘n

216 1375 298 1432 qui
327 1375 530 1422 Piceno?
564 1378 637 1434 (cf.
665 1377 908 1423 Martialis
925 1376 1032 1420 XIII
1048 1381 1104 1420 35
1135 1376 1233 1421 filia
1264 1376 1462 1421 Picenae
1494 1376 1632 1421 uenio
1662 1375 1896 1421 Lucanica

215 1437 400 1492 porcae)
490 1438 744 1482 meruerat:
778 1437 834 1491 ef.
866 1437 1017 1481 coroll.
1043 1435 1150 1479 XIX

998 1547 1115 1594 XVI

215 1614 398 1684 penita
435 1615 540 1668 offa

334 1715 498 1760 Festus
530 1732 575 1773 p.
603 1721 687 1760 242
711 1717 773 1761 M.
810 1716 1089 1773 ‘penitam
1127 1715 1304 1761 offam
1333 1715 1541 1760 Naeuius
1575 1715 1782 1772 appellat
1814 1715 1896 1759 ab·

218 1787 406 1831 segmen
447 1775 599 1819 carnis
641 1790 746 1819 cum
784 1777 923 1821 coda:
964 1775 1146 1831 antiqui
1184 1777 1342 1819 autem
1379 1774 1519 1819 offam
1549 1774 1785 1819 uocabant
1815 1773 1896 1818 ab·

218 1832 389 1877 scisum
419 1833 550 1891 globi
581 1834 745 1890 forma,
781 1836 836 1879 ut
865 1849 1007 1879 manu
1038 1835 1346 1892 glomeratam
1375 1834 1568 1891 pultem
1574 1835 1587 1855 ’
1650 1833 1779 1878 Idem
1809 1837 1895 1876 230

220 1892 405 1948 ‘penem
436 1892 620 1950 antiqui
644 1894 810 1938 codam
832 1894 1080 1938 uocabant
1130 1908 1158 1938 a
1182 1908 1275 1949 qua
1300 1892 1584 1949 antiquitate
1607 1892 1750 1937 etiam
1772 1906 1894 1936 nunc

218 1950 310 1995 offa
340 1951 534 2008 porcina
565 1966 671 1997 cum
703 1954 853 1997 cauda
883 1953 934 1996 in
964 1952 1090 1997 cenis
1120 1952 1249 2010 puris
1282 1951 1402 1996 offa
1430 1951 1632 2009 penita
1662 1951 1892 1996 uocatu1.'

217 2009 284 2055 Cf.
316 2011 549 2056 Arnobius
583 2012 687 2057 adv.
719 2014 846 2070 gent.
871 2012 957 2057 VH
981 2017 1058 2068 24,
1084 2017 1183 2056 230.

987 2136 1131 2184 XVII

132 2231 215 2272 123
232 2218 439 2272 Merula
475 2219 662 2288 (mea)
700 2219 1041 2273 sanderacino
1082 2220 1192 2273 ore!

334 2320 499 2364 Festus
530 2336 575 2377 p.
602 2324 687 2364 325
711 2320 773 2365 Μ.
809 2320 1207 2364 sanderacam
1246 2318 1343 2385 [ait
1372 2332 1471 2363 esse
1509 2332 1655 2376 genus
1693 2319 1895 2378 coloris‚]

219 2379 344 2434 quod
377 2379 543 2424 Graeci
576 2379 848 2438 sa[ndycem
873 2378 1148 2437 appellant]
1195 2377 1424 2424 Naeuius·
1454 2378 1654 2437 meru[la
1678 2379 1897 2423 sandera-

219 2437 323 2481 cino
356 2439 487 2498 ore.]’
552 2438 725 2483 Paulus
755 2453 799 2495 p.
826 2442 912 2482 324
935 2438 997 2483 M.
1035 2437 1376 2482 ‘sandaraca
1407 2451 1553 2496 genus
1585 2437 1783 2482 coloris)

335 2554 440 2585 mea
465 2543 598 2587 metri
620 2543 833 2598 explendi
854 2555 996 2586 causa
1018 2541 1212 2586 inserui:
1243 2542 1309 2587 sic
1333 2542 1537 2587 blandiri
1560 2542 1740 2598 paellae
1770 2555 1893 2586 ama-

218 2605 289 2645 tor
313 2601 466 2655 potuit
558 2600 867 2645 sandaracino
899 2600 1078 2646 Paulus

973 2725 1143 2774 XVIII

1276 2793 1438 2846 bilbit
1475 2792 1730 2863 amphora

336 2892 473 2936 Pauli
503 2892 667 2938 Festus
699 2909 743 2951 p.
770 2900 827 2938 34
849 2895 909 2940 M.
954 2894 1160 2939 ‘bilbit
1196 2894 1374 2939 factum
1412 2896 1484 2939 est
1522 2908 1551 2938 a
1589 2892 1894 2937 similitudine

221 2950 421 3008 sonitus,
462 2951 543 3007 qui
583 2952 635 2996 fit
672 2953 722 2997 in
759 2967 884 2999 uase.
947 2952 1156 2999 Naeuius
1195 2953 1374 2998 bilbit
1410 2953 1676 3010 amphora
1707 2951 1892 3008 inquit.’
