2060 3140
203 99 267 143 VI
870 95 1206 140 PRAEFATIO

466 237 526 284 H
552 258 620 274 ——-
652 235 951 284 Harleianus

475 310 523 357 L
556 331 624 347 =
656 308 908 357 Leidensis

462 384 530 430 M
557 405 624 420 =
657 381 1136 443 Montispessulanus

486 455 525 504 Ο
557 478 625 494 =
661 454 949 503 Oxoniensis

482 530 529 576 P
556 551 623 567 =
655 528 910 576 Parisinus

461 603 530 651 W
555 624 623 640 =
655 601 1145 650 Wolfenbuttelanus

474 676 527 723 X
557 698 625 714 =
658 675 910 724 Leidensis
949 675 1077 724 alter

490 749 519 797 δ
558 771 627 787 =
662 748 871 797 extracti
903 764 1027 811 quos
1059 747 1245 798 Onions
1277 749 1397 798 dicit
1428 749 1618 798 codices

739 815 846 888 (Ba
858 820 1031 870 ODM
1038 821 1077 870 Ο
1088 815 1176 889 Χ).

323 896 552 945 Ceterum
581 896 634 943 in
663 896 1066 960 recognoscendis
1096 898 1359 958 poetarum
1387 896 1723 946 scaenicorum
1747 896 1881 944 Lati·

210 987 390 1020 norum
418 969 644 1032 reliquiis
675 985 764 1018 nec
794 970 916 1017 mihi
949 985 1038 1018 nec
1069 969 1181 1018 aliis
1211 987 1289 1019 me
1320 986 1561 1033 umquam
1600 970 1881 1019 satisfactu-

210 1061 323 1092 rum
369 1059 472 1093 esse
517 1059 617 1092 non
657 1059 735 1091 me
780 1043 915 1107 fugit
959 1044 1195 1105 profecto.
1274 1060 1580 1107 quamquam
1627 1044 1885 1092 laudatam

210 1118 355 1167 hodie
384 1133 414 1166 a
444 1117 617 1165 multis
648 1117 931 1166 cautionem
963 1117 1063 1166 sive
1095 1117 1389 1166 modestiam
1420 1118 1521 1166 sive
1552 1117 1883 1182 prudentiam,

214 1207 340 1254 quae
380 1191 607 1240 crucibus
638 1191 849 1239 maxime
888 1189 1095 1254 figendis
1127 1193 1178 1239 et
1216 1191 1444 1240 cancellis
1484 1191 1586 1239 sive
1619 1191 1883 1253 saepiculis

212 1264 581 1327 interponendis
614 1266 664 1313 et
700 1264 984 1312 litterarum
1023 1264 1195 1313 formis
1230 1265 1543 1327 obliquandis
1575 1265 1795 1314 cernitur
1824 1281 1885 1313 ne

214 1338 625 1403 septuagenarius
676 1338 876 1400 quidem
927 1338 1145 1402 adspiro,
1201 1338 1289 1401 qui
1334 1339 1595 1387 restituere
1640 1340 1700 1386 ut
1743 1354 1888 1401 posse

212 1413 384 1462 videor
413 1413 578 1460 lacera
608 1413 871 1474 poetarum
898 1411 1061 1475 verba,
1093 1428 1192 1460 non
1218 1414 1500 1474 temporum
1529 1412 1885 1474 hominumque

213 1486 398 1534 iniuria
451 1485 647 1534 effectas
703 1481 982 1534 ‘vastitates
1035 1481 1288 1533 funerum'
1338 1502 1578 1548 exponere
1634 1486 1885 1548 proposui.

214 1575 303 1608 nec
341 1560 582 1607 fallentur
617 1559 838 1621 profecto
878 1559 1080 1623 creduli,
1127 1559 1214 1621 qui
1252 1559 1516 1608 memoriae
1557 1575 1709 1621 quam
1746 1575 1890 1608 vene-

214 1635 391 1681 rantur
422 1635 647 1681 sanctam
678 1632 889 1695 speciem
919 1632 1050 1680 infra
1086 1633 1316 1696 religiose
1349 1635 1599 1681 servatam
1627 1633 1688 1681 ob
1722 1633 1890 1682 oculos

214 1707 411 1755 habent.
496 1722 553 1755 ac
598 1705 807 1754 feliciori
854 1706 1052 1768 quidem
1092 1706 1291 1770 ingenio
1330 1723 1429 1755 non
1475 1722 1603 1770 nego
1648 1707 1890 1755 mehercle

215 1781 408 1844 largam
446 1780 848 1828 emendationum
879 1779 1141 1828 meliorum
1178 1795 1386 1828 messem
1416 1780 1644 1828 relictam
1675 1795 1793 1844 esse,
1831 1782 1891 1827 ut

215 1853 504 1902 Buecheleri
532 1853 630 1902 mei
653 1853 902 1901 sollertiae
928 1855 978 1901 et
1009 1853 1262 1902 doctrinae
1285 1855 1448 1902 multa
1470 1870 1548 1902 me
1572 1853 1624 1900 in
1646 1854 1739 1902 hoc
1771 1869 1891 1915 quo-

217 1943 312 1990 que
332 1927 584 1976 volumine
606 1927 801 1991 egregie
817 1927 898 1975 vel
915 1927 1188 1975 constituta
1204 1928 1284 1977 vel
1303 1927 1538 1976 restituta
1555 1926 1728 1975 debere
1748 1929 1892 1990 grato

218 2001 381 2049 animo
413 2001 587 2049 fateor.
636 2001 721 2049 sed
750 2003 943 2048 restant
973 2003 1024 2049 et
1053 2001 1314 2049 restabunt
1345 2017 1538 2063 semper
1569 2001 1620 2048 et
1649 2000 1701 2047 in
1732 2000 1894 2049 verbis

218 2077 267 2122 et
305 2075 357 2121 in
395 2074 613 2122 numeris
652 2074 956 2122 excutiendis
995 2074 1364 2123 dubitationum
1405 2074 1631 2136 nebulae,
1673 2089 1800 2136 quae
1832 2090 1893 2122 ne

217 2148 655 2197 subtilissimarum
693 2147 895 2210 quidem
933 2148 1331 2210 disputationum
1377 2148 1562 2196 aculeis
1602 2147 1783 2195 discuti
1821 2148 1895 2195 ita

216 2221 429 2285 possint,
473 2223 533 2269 ut
568 2221 794 2270 veritatis
832 2222 920 2268 lux
957 2222 1068 2283 ipsa
1106 2223 1363 2283 appareat.
1434 2221 1707 2269 manebunt
1745 2221 1897 2269 etiam

219 2310 409 2357 semper
455 2295 542 2357 qui
589 2311 717 2357 quae
763 2294 1117 2358 grammaticae
1163 2294 1419 2343 elementis
1464 2311 1563 2343 non
1603 2296 1770 2356 aperte
1811 2311 1896 2356 op-

217 2370 444 2431 pugnent
480 2368 749 2430 prudenter
787 2368 1028 2417 servanda
1066 2383 1169 2416 esse
1209 2368 1441 2432 clament,
1481 2368 1539 2416 de
1578 2384 1742 2416 rerum
1772 2368 1894 2416 ima-

219 2442 332 2505 gine
365 2443 415 2489 et
447 2457 727 2490 sermonum
758 2441 983 2490 sensibus
1015 2443 1066 2489 et
1095 2456 1420 2503 personarum
1445 2442 1691 2490 coloribus
1723 2442 1896 2490 securi.

330 2515 508 2576 Itaque
563 2531 730 2564 cruces
777 2530 893 2563 suas
939 2514 1033 2562 sibi
1085 2515 1300 2564 habento
1348 2515 1435 2578 qui
1480 2516 1616 2563 ultra
1665 2515 1893 2564 librarios

221 2603 390 2649 sapere
430 2604 528 2636 non
569 2589 775 2636 audent:
821 2588 1093 2637 admirarer
1137 2588 1374 2637 libentius
1418 2588 1461 2636 si
1506 2589 1587 2637 cui
1633 2590 1897 2637 cautorum

219 2661 429 2709 istorum
480 2661 737 2710 hominum
785 2663 866 2710 vel
914 2678 1068 2710 unam
1117 2678 1310 2710 crucem
1360 2664 1495 2710 certa
1549 2661 1890 2710 emendatione

218 2734 481 2797 profligare
521 2735 821 2798 contigisset.

334 2806 429 2855 Sed
482 2808 797 2856 corollarium
852 2808 1058 2856 tertium
1111 2810 1367 2857 contexere
1422 2811 1472 2857 et
1525 2808 1778 2869 disputare
1832 2808 1891 2855 de

222 2880 431 2943 singulis
472 2881 845 2942 quaestionibus
890 2882 942 2928 in
989 2881 1153 2930 animo
1196 2898 1295 2930 non
1339 2881 1461 2930 erat.
1538 2881 1889 2945 corrigenda
