2060 3140
236 135 340 188 132
519 134 602 177 EX
630 132 906 178 INCERTIS
938 131 1336 177 INCERTORVM
1366 131 1619 176 FABVLIS

1053 271 1079 318 I

381 357 522 409 ‘Tibi
569 374 691 426 eg0‚
730 354 1010 424 'Antipho,
1059 353 1155 406 has
1201 344 1339 406 sero'
1377 354 1579 423 inquit:
1634 355 1909 426 seniumsh

1202 460 1323 494 cum
1362 443 1533 495 audio,

348 545 504 589 Cicero
537 544 594 587 de
627 544 742 588 orat.
768 543 810 586 Π
843 547 913 598 59,
939 547 1024 586 242
1061 542 1128 585 ‘in
1158 555 1207 585 re
1240 543 1311 586 est
1343 542 1458 586 item
1488 542 1750 600 ridiculum,
1782 544 1908 599 quod

231 619 286 648 ex
317 604 520 659 quadam
550 602 808 668 deprauata
839 600 1104 668 infitatione
1136 600 1256 667 sumi
1288 601 1408 667 solet
1434 636 1443 645 .
1471 638 1479 646 .
1510 638 1517 646 .
1544 615 1600 646 ex
1622 602 1710 646 hoc
1741 616 1908 659 genere

231 665 302 706 est
331 662 437 706 illa
467 662 752 727 Rosclana
782 663 1041 726 1m1tat·1o
1074 673 1249 705 senis:
1281 660 1396 703 t1b1
1430 696 1438 704 .
1468 697 1475 704 .
1505 660 1755 727 ..ant-lio?
1801 661 1908 719 (in-

230 720 354 776 quit
383 722 551 777 poetae
581 719 788 786 redtlidit
818 719 1045 776 Bergkius
1078 733 1234 785 opusc.
1259 719 1281 762 I
1306 723 1391 785 218
1424 721 1755 775 comunmtque
1786 721 1910 787 hunc

229 778 723 895 ἒῖῖιίὂιὲοοιὲῑῶἃῗὲῗού.
758 778 958 835 Syneph.
991 778 1053 823 II:
1101 791 1242 821 immo
1282 778 1390 821 vlde
1431 792 1571 835 supra
1611 792 1667 822 ex
1704 779 1909 836 Hydrlae

347 926 433 970 has
465 940 548 970 om.
583 926 777 984 Erlany.
812 927 837 970 b
981 925 1161 970 senium
1195 961 1202 969 .
1231 961 1240 970 .
1275 925 1415 970 audio
1445 927 1636 981 fuerumt
1666 928 1746 984 qui
1774 942 1805 971 a
1838 927 1913 972 02·-

229 987 402 1031 ceronis
432 986 746 1030 interlocutore
777 985 890 1030 addi
919 989 1167 1030 statuerent

1035 1124 1087 1171 II

231 1214 458 1268 Athenis
495 1215 767 1292 Megaram
805 1215 1016 1283 uesperi
1054 1214 1272 1267 aduenit
1312 1213 1484 1285 Sim03

231 1304 340 1357 Vbi
379 1304 613 1356 aduenit·
631 1302 925 1373 Megaram,
964 1303 1184 1355 insidias
1222 1303 1351 1355 fecit
1390 1302 1616 1374 uirgini3

231 1391 458 1445 Insidias
494 1394 779 1461 postquam
817 1391 967 1460 fecit,
1005 1391 1118 1443 uim
1156 1391 1214 1443 in
1250 1391 1368 1444 loco
1409 1392 1608 1444 attulit.

350 1501 483 1544 Rhet.
510 1500 572 1544 ad
594 1500 791 1544 Herenn.
816 1500 837 1542 I
862 1505 901 1555 9,
929 1504 985 1543 14
1012 1499 1087 1543 ‘ne
1118 1499 1191 1542 bis
1224 1501 1307 1543 aut
1344 1499 1530 1556 saepius
1554 1499 1681 1543 idem
1704 1499 1912 1544 dicamus

233 1560 492 1603 cauendum
523 1561 613 1615 est3
661 1558 804 1603 etiam
841 1572 899 1602 ne
942 1557 1055 1614 quid
1098 1557 1352 1602 nouissime
1393 1559 1518 1614 quod
1550 1558 1750 1603 diximus
1783 1559 1914 1604 dein-

233 1632 339 1675 ceps
371 1618 592 1675 dicamus,
624 1618 712 1662 hoc
742 1618 902 1661 modo:
934 1617 1200 1661 Athenis’
1237 1631 1274 1661 e.
1309 1632 1352 1672 q.
1387 1632 1420 1662 s,

352 1726 374 1764 1
407 1735 641 1766 mecarum
672 1721 901 1779 Mmtizi),
933 1722 1038 1764 item
1067 1735 1106 1765 v.
1141 1725 1166 1763 2
1320 1726 1345 1764 2
1376 1719 1490 1765 fecit
1520 1720 1716 1766 insidias
1748 1722 1915 1767 Bamb.

319 1795 516 1853 uirginis
548 1795 737 1851 Herbip.

1036 1905 1114 1952 ΠΙ

233 1994 297 2047 In
333 1994 539 2048 Venere
576 2014 759 2065 sapere
799 1995 985 2048 didicit
1023 1996 1080 2048 ni
1120 1996 1318 2048 mirum
1359 1995 1545 2065 Solon,

238 2082 340 2146 Qui
377 2084 495 2155 lege
534 2084 699 2153 cauit,
737 2083 873 2136 uitia
911 2084 994 2136 uti
1033 2084 1466 2137 transcenderent]

234 2169 485 2224 Auctoris
522 2191 744 2242 poenae:
783 2172 930 2224 milla
966 2191 1138 2242 poena
1178 2173 1421 2226 acerbior

235 2259 547 2330 Excogitari
583 2260 763 2329 potuit
799 2261 983 2314 uxoris
1021 2261 1190 2314 malis,

353 2366 589 2411 Charisius
627 2383 670 2424 p.
698 2373 783 2412 246
815 2366 863 2414 P.
904 2365 1030 2412 ‘aliis
1068 2368 1138 2413 ita
1175 2368 1355 2425 placuit
1395 2369 1588 2413 definire
1627 2383 1710 2426 per
1747 2369 1913 2426 hyper-

236 2424 398 2472 bolen:
444 2426 502 2470 in
535 2463 545 2472 .
572 2463 582 2471 .
609 2464 618 2472 .
650 2427 830 2472 malis.
894 2427 1027 2481 Quod
1067 2427 1210 2472 etiam
1239 2427 1290 2471 in
1321 2428 1556 2472 schemate
1588 2428 1809 2472 dianoeas
1841 2429 1911 2472 in-

237 2484 396 2528 uenies
429 2486 486 2529 de
516 2486 805 2542 hyperbole?
853 2486 988 2530 Hunc
1019 2486 1173 2531 locum
1206 2486 1427 2531 omissum
1449 2487 1500 2531 in
1525 2487 1751 2544 excerptis
1783 2486 1909 2531 Leid.

237 2543 367 2587 uncis
400 2543 591 2588 inclusit
627 2544 819 2589 Keilius.
882 2546 1011 2602 Idem
1050 2561 1094 2602 p.
1129 2550 1213 2590 253
1244 2546 1294 2590 P.
1339 2547 1438 2603 ‘per
1474 2546 1782 2603 hyperbolen,
1822 2546 1911 2590 hoc

239 2603 331 2647 est:
374 2602 432 2645 in
466 2639 474 2647 .
502 2639 510 2648 .
540 2640 548 2647 .
581 2601 779 2648 malis.-’
831 2603 896 2650 Cf.
930 2604 1122 2648 Caecilii
1152 2604 1371 2649 Plocium.
1394 2607 1442 2649 et
1472 2604 1756 2649 Philemonis
1788 2604 1843 2649 fr.
1867 2611 1908 2649 4.

358 2695 381 2732 1
415 2691 593 2735 Venere
623 2693 787 2749 scripsi
816 2694 979 2736 uentre
1010 2693 1105 2738 cod.
1131 2707 1179 2750 p.
1214 2697 1299 2736 253
1331 2695 1543 2737 uentrem
1573 2695 1667 2739 cod.
1694 2708 1742 2750 p.
1765 2698 1850 2736 246

240 2747 408 2816 (lidicit
439 2763 600 2806 sapere
631 2753 725 2796 cod.
753 2766 800 2808 p.
827 2756 913 2795 246
1024 2756 1049 2794 2
1082 2751 1211 2795 cauit
1239 2753 1293 2795 ut
1322 2751 1442 2796 uitia
1471 2754 1566 2798 cod.
1592 2767 1640 2810 p,
1668 2757 1753 2796 246
1785 2751 1911 2795 cauit

237 2820 290 2850 m
325 2821 455 2852 versu
489 2815 684 2854 extremo
721 2811 896 2854 omissis
933 2812 1088 2855 ceteris
1125 2812 1220 2855 cod.
1254 2815 1303 2867 p.
1336 2815 1420 2854 253
1639 2815 1665 2854 3
1699 2812 1908 2854 auctores

238 2863 273 2920 (i
301 2868 546 2923 suprascr-f)
577 2870 672 2913 cod.
698 2883 747 2924 p.
774 2873 859 2913 246
884 2883 912 2912 a
935 2871 988 2913 ’ἐπ
1013 2883 1144 2914 versu
1172 2875 1365 2915 extremo
1394 2884 1475 2916 ‘nec
1504 2871 1751 2928 quidquam
1776 2884 1910 2927 prae-

238 2928 358 2968 terea
388 2926 552 2982 leyitur
575 2941 625 2982 p.
651 2931 735 2970 253
850 2940 1001 2983 poena
1031 2927 1162 2971 nulla
1193 2929 1290 2973 edd.
