2060 3140
263 152 369 204 146
547 151 629 196 EX
657 144 932 196 INCERTIS
962 148 1358 196 INCERTORVM
1387 150 1638 196 FABVLIS

377 283 524 328 Varro
557 283 614 328 de
645 283 675 327 l.
707 283 737 328 l.
770 283 834 327 VI
865 287 921 327 83
952 283 1013 327 Μ.
1050 282 1129 327 ‘ab
1162 282 1393 327 audiendo
1425 282 1571 327 etiam
1602 283 1938 328 auscultare

261 341 558 399 declinatum,
591 342 715 398 quod
745 342 795 385 hi
827 341 1089 386 auscultare
1121 341 1351 398 dicuntur,
1384 341 1465 397 qui
1493 341 1668 386 auditis
1699 344 1879 399 parent,
1906 356 1937 386 a,

260 415 352 456 quo
370 401 545 446 dictum
560 403 748 458 poetae:
782 400 971 456 audio,
996 400 1135 443 1131113
1159 400 1456 445 ausculto.’
1499 400 1565 446 Cf.
1584 400 1751 446 Caecil.
1768 416 1810 446 v.
1832 406 1933 446 196.

375 490 501 533 haud
537 490 771 534 Turnebus
803 490 884 532 aut
915 505 949 531 ω
1071 488 1283 532 obsculto
1317 489 1450 534 Flor.

1027 613 1167 660 LVII
1212 623 1216 627 ’

171 707 248 750 74¹
271 696 468 767 'Vsque
507 697 755 750 donicum
794 697 1064 768 effligatur

371 796 605 842 Charisius
642 813 687 855 p.
724 802 808 842 178
838 798 888 842 Ρ.
956 796 1186 842 ‘efflictim
1222 797 1430 842 Naeuius
1469 797 1519 841 in
1557 797 1815 843 Corollaria
1856 799 1934 858 [1],

252 856 335 900 ubi
365 857 562 902 Probus:
595 870 741 913 usque
773 857 815 902 d.
850 857 908 901 e.’
973 856 1063 901 Sed
1092 857 1210 901 haec
1240 871 1335 901 non
1364 856 1673 914 grammatici,
1709 857 1791 901 sed
1821 872 1933 915 poe—

251 917 330 960 tae
360 915 503 960 verba
534 929 634 960 esse
663 915 846 961 monuit
874 915 1160 960 Ritsohelius
1193 930 1347 973 opusc.
1379 916 1422 960 Il
1453 920 1553 960 241.

1006 1041 1172 1097 LVIII

250 1123 396 1178 Vssla
434 1128 514 1178 est
550 1125 742 1195 patrui.
804 1125 892 1178 hic
930 1126 1057 1196 ziger
1095 1128 1175 1178 est
1212 1125 1308 1177 ubi
1345 1128 1469 1178 stas.
1537 1127 1676 1194 pone
1714 1143 1929 1179 uersum

1218 1213 1341 1266 illac
1378 1231 1523 1266 mare
1562 1217 1655 1267 est.

365 1313 674 1371 Charisius-p.
703 1318 785 1359 191
810 1315 860 1358 P.
897 1315 1065 1371 ‘pone
1096 1328 1294 1358 uersus
1326 1314 1387 1359 M.
1414 1313 1529 1358 Cato
1557 1350 1564 1358 .
1591 1350 1629 1359 ..
1656 1314 1771 1359 item
1800 1315 1926 1362 idem

250 1408 260 1416 .
287 1409 295 1417 .
323 1409 331 1417 .
363 1373 569 1417 hostium
598 1388 627 1419 *
658 1373 776 1418 uilla,
807 1375 894 1418 est’
930 1387 967 1418 e.
994 1388 1036 1429 q.
1064 1388 1096 1417 s.
1161 1372 1439 1418 Comoediae
1471 1371 1743 1430 adsignavit
1775 1377 1930 1432 septe-

245 1431 429 1475 narium
458 1447 488 1476 x

1024 1528 1137 1576 LIX

243 1600 511 1664 'Insanum
550 1612 704 1665 aliter
742 1613 838 1666 suri
877 1612 1141 1666 sententia
1181 1612 1341 1681 fitque
1380 1610 1605 1664 aliarum
1636 1612 1923 1666 mulierum

362 1711 596 1756 Charisius
627 1728 670 1769 p.
699 1717 783 1757 175
807 1713 856 1757 P.
893 1712 1094 1757 ‘aliter
1123 1726 1207 1769 pro
1241 1711 1359 1756 alias
1386 1712 1637 1757 Sallustius
1661 1712 1860 1757 historia
1882 1714 1929 1759 1:

243 1772 430 1814 sanetus
463 1770 581 1815 alias
615 1808 623 1816 .
652 1809 660 1816 .
689 1809 697 1817 .
731 1771 870 1816 item
899 1771 957 1815 in
990 1772 1206 1816 eadem:
1237 1771 1471 1815 insanum’
1499 1785 1536 1816 e.
1564 1787 1608 1828 q.
1634 1787 1669 1817 s.
1717 1772 1930 1817 Turbato

242 1828 487 1873 titulorum
518 1830 693 1887 ordine,
727 1831 785 1875 de
816 1845 907 1887 quo
939 1830 1122 1875 monuit
1151 1829 1345 1886 KeiJiuS,
1377 1830 1555 1875 factum
1579 1833 1652 1876 est
1675 1833 1730 1875 ut
1753 1833 1801 1875 et
1826 1831 1926 1876 Sal-

240 1887 371 1932 lustii
403 1889 665 1946 exemplum
694 1903 938 1947 perperam
967 1890 1059 1934 huo
1090 1889 1417 1947 intruderetur,
1444 1904 1549 1934 cum
1573 1890 1686 1934 olim
1709 1890 1833 1934 infra
1857 1890 1929 1947 (in

240 1946 380 1991 titulo
415 1947 552 1992 ‘alias
591 1963 674 2005 pro
715 1948 890 2007 aliter')
928 1949 1083 1993 locum
1121 1948 1385 2006 habuisset,
1427 1951 1475 1993 et
1513 1963 1618 1993 cum
1655 1949 1929 1993 nominibus

239 2006 382 2050 verba
419 2021 603 2064 quoque
648 2007 855 2053 eiusdem
892 2010 1061 2066 poetae
1093 2007 1258 2052 comici
1290 2007 1589 2064 eiusdemque
1620 2008 1811 2052 fabulae
1845 2022 1924 2052 ex·

240 2064 466 2122 uiderent,
515 2066 646 2112 ouius
691 2070 854 2112 nostra.
899 2070 1018 2112 sunt.
1085 2067 1220 2121 Quod
1264 2067 1500 2125 perspexit
1547 2082 1577 2110 x
1625 2082 1741 2112 mus.
1772 2067 1923 2112 Rhen.

240 2129 309 2180 24,
343 2130 442 2170 242.

237 2274 464 2328 iniurius

353 2375 536 2420 Servius
568 2376 619 2420 in
642 2376 755 2421 Aen.
780 2376 845 2420 IX
871 2382 954 2422 107
989 2376 1117 2421 ‘hinc
1149 2379 1222 2421 est
1253 2377 1378 2434 apud
1410 2377 1612 2422 comicos
1643 2377 1923 2433 iniurius,

240 2433 320 2488 qui
352 2435 494 2479 audet
526 2435 707 2491 aliquid
739 2438 901 2480 contra,
932 2435 1142 2481 ordinem
1172 2435 1319 2480 iuris.’

1015 2561 1129 2609 LXI

246 2684 256 2692 .
295 2685 304 2693 .
346 2685 355 2694 .
397 2642 420 2695 ἶ·
449 2642 1077 2717 scytalosagittipelliger

354 2742 667 2788 Tertullianus
709 2745 766 2789 de
802 2745 949 2802 pallio
979 2750 1008 2789 4
1044 2745 1259 2790 ‘tametsi
1299 2745 1520 2790 adoratur
1559 2760 1587 2790 3
1625 2744 1760 2789 uobis
1775 2779 1786 2801 ‚
1836 2744 1920 2800 qui

235 2801 578 2846 erubescendus
619 2806 710 2860 est,
752 2804 1461 2862 Scytalosagittipelliger
1500 2804 1603 2861 ille,
1644 2803 1724 2860 qui
1766 2805 1920 2847 totam

233 2858 441 2915 epitheti
472 2861 543 2904 sui
575 2865 746 2906 sortem
778 2876 883 2907 cum
911 2863 1131 2908 muliebri
1162 2864 1290 2907 cultu
1323 2863 1674 2920 compensauit.'

358 2948 570 2995 Fortasse
600 2951 760 2996 melius
791 2946 1344 3009 Sejtalosagittipelliger
1374 2953 1525 3007 efferri
1555 2953 1730 2997 monuit
1760 2951 1867 2995 Rue
