<?xml version="1.0" encoding="UTF-8"?>
<!DOCTYPE html PUBLIC "-//W3C//DTD XHTML 1.0 Transitional//EN"
    "http://www.w3.org/TR/xhtml1/DTD/xhtml1-transitional.dtd">
<html xmlns="http://www.w3.org/1999/xhtml" xml:lang="en" lang="en">
 <head>
  <title>
</title>
<meta http-equiv="Content-Type" content="text/html;charset=utf-8" />
  <meta name='ocr-system' content='tesseract 3.04.00' />
  <meta name='ocr-capabilities' content='ocr_page ocr_carea ocr_par ocr_line ocrx_word'/>
</head>
<body>
  <div class='ocr_page' id='page_1' title='image "./scaenicaeromanor02ribbuoft_0319.png"; bbox 0 0 2060 3140; ppageno 0'>
   <div class='ocr_carea' id='block_1_1' title="bbox 26 3101 50 3140">
    <p class='ocr_par' dir='ltr' id='par_1_1' title="bbox 26 3101 50 3140">
     <span class='ocr_line' id='line_1_1' title="bbox 26 3101 50 3140; baseline 0 0"><span class='ocrx_word' id='word_1_1' title='bbox 26 3101 50 3140; x_wconf 61' lang='grc'><em>11</em></span> 
     </span>
    </p>
   </div>
   <div class='ocr_carea' id='block_1_2' title="bbox 394 138 1809 193">
    <p class='ocr_par' dir='ltr' id='par_1_2' title="bbox 394 138 1809 193">
     <span class='ocr_line' id='line_1_2' title="bbox 394 138 1809 193; baseline 0.008 -11"><span class='ocrx_word' id='word_1_2' title='bbox 394 140 443 184; x_wconf 93' lang='lat' dir='ltr'><em>L.</em></span> <span class='ocrx_word' id='word_1_3' title='bbox 475 138 825 184; x_wconf 84' lang='lat' dir='ltr'>POMPONIVS</span> <span class='ocrx_word' id='word_1_4' title='bbox 856 139 1259 185; x_wconf 85' lang='lat' dir='ltr'>BONONIENSIS</span> <span class='ocrx_word' id='word_1_5' title='bbox 1318 139 1545 185; x_wconf 81' lang='lat' dir='ltr'>NOVIVS</span> <span class='ocrx_word' id='word_1_6' title='bbox 1703 139 1809 193; x_wconf 82' lang='grc'><em>307</em></span> 
     </span>
    </p>
   </div>
   <div class='ocr_carea' id='block_1_3' title="bbox 138 271 1812 385">
    <p class='ocr_par' dir='ltr' id='par_1_3' title="bbox 138 271 1812 385">
     <span class='ocr_line' id='line_1_3' title="bbox 138 271 1812 352; baseline 0.002 -38"><span class='ocrx_word' id='word_1_7' title='bbox 138 271 475 352; x_wconf 50' lang='lat' dir='ltr'><em>urbanitatem,</em></span> <span class='ocrx_word' id='word_1_8' title='bbox 514 274 568 315; x_wconf 95' lang='lat' dir='ltr'><em>ut</em></span> <span class='ocrx_word' id='word_1_9' title='bbox 603 272 944 329; x_wconf 85' lang='lat' dir='ltr'>Pomponius</span> <span class='ocrx_word' id='word_1_10' title='bbox 982 275 1178 317; x_wconf 86' lang='lat' dir='ltr'><em>noster</em></span> <span class='ocrx_word' id='word_1_11' title='bbox 1217 287 1298 317; x_wconf 86' lang='lat' dir='ltr'><em>suo</em></span> <span class='ocrx_word' id='word_1_12' title='bbox 1329 273 1428 317; x_wconf 88' lang='lat' dir='ltr'><em>iure</em></span> <span class='ocrx_word' id='word_1_13' title='bbox 1459 272 1609 330; x_wconf 84' lang='lat' dir='ltr'><em>possit</em></span> <span class='ocrx_word' id='word_1_14' title='bbox 1639 272 1812 318; x_wconf 85' lang='lat' dir='ltr'><em>dicere:</em></span> 
     </span>
     <span class='ocr_line' id='line_1_4' title="bbox 138 344 452 385; baseline -0.003 -10"><span class='ocrx_word' id='word_1_15' title='bbox 138 346 230 375; x_wconf 74' lang='lat' dir='ltr'><em>mffl</em></span> <span class='ocrx_word' id='word_1_16' title='bbox 282 344 319 374; x_wconf 93' lang='lat' dir='ltr'><em>e.</em></span> <span class='ocrx_word' id='word_1_17' title='bbox 348 345 390 385; x_wconf 90' lang='lat' dir='ltr'><em>q.</em></span> <span class='ocrx_word' id='word_1_18' title='bbox 418 346 452 374; x_wconf 79' lang='lat' dir='ltr'><em>s.</em></span> 
     </span>
    </p>
   </div>
   <div class='ocr_carea' id='block_1_4' title="bbox 133 439 1844 681">
    <p class='ocr_par' dir='ltr' id='par_1_4' title="bbox 133 439 1844 681">
     <span class='ocr_line' id='line_1_5' title="bbox 925 439 1034 488; baseline 0 0"><span class='ocrx_word' id='word_1_19' title='bbox 925 439 1034 488; x_wconf 76' lang='lat' dir='ltr'><em>IX?</em></span> 
     </span>
     <span class='ocr_line' id='line_1_6' title="bbox 140 523 1844 595; baseline 0.001 -19"><span class='ocrx_word' id='word_1_20' title='bbox 140 523 368 587; x_wconf 80' lang='lat' dir='ltr'><em>Quidam</em></span> <span class='ocrx_word' id='word_1_21' title='bbox 400 523 529 576; x_wconf 86' lang='lat' dir='ltr'><em>adeo</em></span> <span class='ocrx_word' id='word_1_22' title='bbox 561 524 616 576; x_wconf 91' lang='lat' dir='ltr'><em>in</em></span> <span class='ocrx_word' id='word_1_23' title='bbox 647 524 879 576; x_wconf 51' lang='lat' dir='ltr'><em>latebris</em></span> <span class='ocrx_word' id='word_1_24' title='bbox 908 524 1176 595; x_wconf 84' lang='lat' dir='ltr'><em>fugerunt,</em></span> <span class='ocrx_word' id='word_1_25' title='bbox 1207 528 1269 577; x_wconf 75' lang='lat' dir='ltr'><em>ut</em></span> <span class='ocrx_word' id='word_1_26' title='bbox 1293 527 1485 594; x_wconf 82' lang='lat' dir='ltr'><em>putent</em></span> <span class='ocrx_word' id='word_1_27' title='bbox 1514 525 1571 577; x_wconf 89' lang='lat' dir='ltr'><em>in</em></span> <span class='ocrx_word' id='word_1_28' title='bbox 1598 525 1814 578; x_wconf 77' lang='lat' dir='ltr'><em>turbido</em></span> <span class='ocrx_word' id='word_1_29' title='bbox 1834 549 1844 561; x_wconf 88' lang='lat'><strong>·</strong></span> 
     </span>
     <span class='ocr_line' id='line_1_7' title="bbox 133 611 963 681; baseline -0.002 -15"><span class='ocrx_word' id='word_1_30' title='bbox 133 613 282 666; x_wconf 79' lang='lat' dir='ltr'><em>&#39;Esse</em></span> <span class='ocrx_word' id='word_1_31' title='bbox 323 611 582 681; x_wconf 89' lang='lat' dir='ltr'><em>quidquid</em></span> <span class='ocrx_word' id='word_1_32' title='bbox 621 613 701 664; x_wconf 76' lang='lat' dir='ltr'><em>est</em></span> <span class='ocrx_word' id='word_1_33' title='bbox 739 613 796 664; x_wconf 93' lang='lat' dir='ltr'><em>in</em></span> <span class='ocrx_word' id='word_1_34' title='bbox 832 613 963 665; x_wconf 82' lang='lat' dir='ltr'><em>luce.</em></span> 
     </span>
    </p>
   </div>
   <div class='ocr_carea' id='block_1_5' title="bbox 136 711 1815 831">
    <p class='ocr_par' dir='ltr' id='par_1_5' title="bbox 136 711 1815 831">
     <span class='ocr_line' id='line_1_8' title="bbox 254 711 1815 770; baseline -0.001 -12"><span class='ocrx_word' id='word_1_35' title='bbox 254 714 432 758; x_wconf 79' lang='lat' dir='ltr'><em>Seneca</em></span> <span class='ocrx_word' id='word_1_36' title='bbox 463 711 596 768; x_wconf 85' lang='lat' dir='ltr'><em>epist.</em></span> <span class='ocrx_word' id='word_1_37' title='bbox 627 717 667 767; x_wconf 85' lang='lat'><em>3,</em></span> <span class='ocrx_word' id='word_1_38' title='bbox 700 717 725 755; x_wconf 88' lang='lat'>6</span> <span class='ocrx_word' id='word_1_39' title='bbox 762 712 945 768; x_wconf 81' lang='lat' dir='ltr'><em>‘itaque</em></span> <span class='ocrx_word' id='word_1_40' title='bbox 976 713 1065 756; x_wconf 86' lang='grc'><strong>1100</strong></span> <span class='ocrx_word' id='word_1_41' title='bbox 1097 713 1221 769; x_wconf 88' lang='lat' dir='ltr'><em>quod</em></span> <span class='ocrx_word' id='word_1_42' title='bbox 1261 714 1410 770; x_wconf 80' lang='lat' dir='ltr'><em>apud.</em></span> <span class='ocrx_word' id='word_1_43' title='bbox 1447 713 1815 770; x_wconf 88' lang='lat' dir='ltr'><em>Pomponium</em></span> 
     </span>
     <span class='ocr_line' id='line_1_9' title="bbox 136 770 1224 831; baseline 0 -15"><span class='ocrx_word' id='word_1_44' title='bbox 136 773 246 831; x_wconf 87' lang='lat' dir='ltr'><em>legi,</em></span> <span class='ocrx_word' id='word_1_45' title='bbox 279 772 434 817; x_wconf 85' lang='lat' dir='ltr'><em>animo</em></span> <span class='ocrx_word' id='word_1_46' title='bbox 466 770 787 816; x_wconf 74' lang='lat' dir='ltr'><strong>mandabitur:</strong></span> <span class='ocrx_word' id='word_1_47' title='bbox 820 771 1028 827; x_wconf 84' lang='lat' dir='ltr'><em>quidam’</em></span> <span class='ocrx_word' id='word_1_48' title='bbox 1056 785 1094 816; x_wconf 91' lang='lat' dir='ltr'><em>e.</em></span> <span class='ocrx_word' id='word_1_49' title='bbox 1121 787 1162 828; x_wconf 90' lang='lat' dir='ltr'><em>q.</em></span> <span class='ocrx_word' id='word_1_50' title='bbox 1189 786 1224 816; x_wconf 80' lang='lat' dir='ltr'><em>s,</em></span> 
     </span>
    </p>
   </div>
   <div class='ocr_carea' id='block_1_6' title="bbox 125 858 1813 1212">
    <p class='ocr_par' dir='ltr' id='par_1_6' title="bbox 132 858 1813 1035">
     <span class='ocr_line' id='line_1_10' title="bbox 255 858 1813 918; baseline 0.001 -15"><span class='ocrx_word' id='word_1_51' title='bbox 255 865 278 904; x_wconf 91' lang='lat'>1</span> <span class='ocrx_word' id='word_1_52' title='bbox 311 860 531 917; x_wconf 87' lang='lat' dir='ltr'><em>fugerunt</em></span> <span class='ocrx_word' id='word_1_53' title='bbox 561 860 700 904; x_wconf 76' lang='lat' dir='ltr'><em>Berri.</em></span> <span class='ocrx_word' id='word_1_54' title='bbox 742 858 1035 916; x_wconf 86' lang='lat' dir='ltr'><em>effungerunt</em></span> <span class='ocrx_word' id='word_1_55' title='bbox 1066 860 1167 903; x_wconf 82' lang='lat' dir='ltr'><em>Erl.</em></span> <span class='ocrx_word' id='word_1_56' title='bbox 1207 859 1526 916; x_wconf 82' lang='lat' dir='ltr'><em>transfugiunt</em></span> <span class='ocrx_word' id='word_1_57' title='bbox 1562 861 1705 905; x_wconf 82' lang='lat' dir='ltr'><em>Vatic.</em></span> <span class='ocrx_word' id='word_1_58' title='bbox 1739 877 1770 904; x_wconf 84' lang='grc' dir='ltr'><strong>α</strong></span> <span class='ocrx_word' id='word_1_59' title='bbox 1786 878 1813 918; x_wconf 76' lang='grc' dir='ltr'><em>γ</em></span> 
     </span>
     <span class='ocr_line' id='line_1_11' title="bbox 134 918 1726 975; baseline 0 -11"><span class='ocrx_word' id='word_1_60' title='bbox 134 921 288 965; x_wconf 85' lang='lat' dir='ltr'><em>Palat.</em></span> <span class='ocrx_word' id='word_1_61' title='bbox 313 920 446 964; x_wconf 75' lang='lat' dir='ltr'><em>Alex.</em></span> <span class='ocrx_word' id='word_1_62' title='bbox 475 919 616 964; x_wconf 78' lang='lat' dir='ltr'><em>ottob.</em></span> <span class='ocrx_word' id='word_1_63' title='bbox 650 918 922 975; x_wconf 81' lang='lat' dir='ltr'><em>refugerunt</em></span> <span class='ocrx_word' id='word_1_64' title='bbox 952 920 1059 963; x_wconf 73' lang='lat' dir='ltr'><em>boni</em></span> <span class='ocrx_word' id='word_1_65' title='bbox 1088 933 1237 963; x_wconf 75' lang='lat' dir='ltr'><em>omnes</em></span> <span class='ocrx_word' id='word_1_66' title='bbox 1274 918 1484 975; x_wconf 86' lang='lat' dir='ltr'><strong>refugere</strong></span> <span class='ocrx_word' id='word_1_67' title='bbox 1514 919 1726 964; x_wconf 79' lang='lat' dir='ltr'><em>Haasius</em></span> 
     </span>
     <span class='ocr_line' id='line_1_12' title="bbox 132 977 1812 1035; baseline 0 -12"><span class='ocrx_word' id='word_1_68' title='bbox 132 978 261 1035; x_wconf 88' lang='lat' dir='ltr'><em>turpi</em></span> <span class='ocrx_word' id='word_1_69' title='bbox 297 979 400 1022; x_wconf 91' lang='grc'><strong>1000</strong></span> <span class='ocrx_word' id='word_1_70' title='bbox 434 979 535 1023; x_wconf 82' lang='lat' dir='ltr'><em>Erl.</em></span> <span class='ocrx_word' id='word_1_71' title='bbox 688 982 713 1020; x_wconf 83' lang='lat'>2</span> <span class='ocrx_word' id='word_1_72' title='bbox 752 977 803 1020; x_wconf 92' lang='lat' dir='ltr'><em>in</em></span> <span class='ocrx_word' id='word_1_73' title='bbox 842 977 945 1021; x_wconf 89' lang='grc'><strong>11100</strong></span> <span class='ocrx_word' id='word_1_74' title='bbox 984 979 1056 1021; x_wconf 83' lang='lat' dir='ltr'><em>est</em></span> <span class='ocrx_word' id='word_1_75' title='bbox 1094 995 1150 1034; x_wconf 87' lang='grc' dir='ltr'><em>ω,</em></span> <span class='ocrx_word' id='word_1_76' title='bbox 1193 979 1454 1034; x_wconf 76' lang='lat' dir='ltr'><em>transposui</em></span> <span class='ocrx_word' id='word_1_77' title='bbox 1493 992 1594 1022; x_wconf 80' lang='lat' dir='ltr'><em>eum</em></span> <span class='ocrx_word' id='word_1_78' title='bbox 1631 978 1812 1023; x_wconf 84' lang='lat' dir='ltr'><em>Haasio</em></span> 
     </span>
    </p>

    <p class='ocr_par' dir='ltr' id='par_1_7' title="bbox 125 1037 1812 1212">
     <span class='ocr_line' id='line_1_13' title="bbox 223 1037 1810 1093; baseline 0 -11"><span class='ocrx_word' id='word_1_79' title='bbox 223 1038 335 1082; x_wconf 72' lang='lat' dir='ltr'><em>Nori</em></span> <span class='ocrx_word' id='word_1_80' title='bbox 365 1037 615 1082; x_wconf 73' lang='lat' dir='ltr'><em>Atellanici</em></span> <span class='ocrx_word' id='word_1_81' title='bbox 639 1042 798 1093; x_wconf 88' lang='lat' dir='ltr'><em>poetae</em></span> <span class='ocrx_word' id='word_1_82' title='bbox 828 1037 1020 1092; x_wconf 80' lang='lat' dir='ltr'><em>dietum,</em></span> <span class='ocrx_word' id='word_1_83' title='bbox 1054 1038 1131 1081; x_wconf 85' lang='lat' dir='ltr'><em>sed</em></span> <span class='ocrx_word' id='word_1_84' title='bbox 1161 1051 1217 1080; x_wconf 77' lang='lat' dir='ltr'><em>ex</em></span> <span class='ocrx_word' id='word_1_85' title='bbox 1240 1038 1498 1093; x_wconf 75' lang='lat' dir='ltr'><em>philosophi</em></span> <span class='ocrx_word' id='word_1_86' title='bbox 1527 1037 1647 1081; x_wconf 78' lang='lat' dir='ltr'><em>velut</em></span> <span class='ocrx_word' id='word_1_87' title='bbox 1678 1037 1810 1082; x_wconf 88' lang='lat' dir='ltr'><em>Pom-</em></span> 
     </span>
     <span class='ocr_line' id='line_1_14' title="bbox 125 1097 1812 1155; baseline -0.001 -13"><span class='ocrx_word' id='word_1_88' title='bbox 125 1098 244 1155; x_wconf 76' lang='lat' dir='ltr'><em>poni</em></span> <span class='ocrx_word' id='word_1_89' title='bbox 281 1097 479 1142; x_wconf 72' lang='lat' dir='ltr'><em>Secundi</em></span> <span class='ocrx_word' id='word_1_90' title='bbox 517 1098 579 1141; x_wconf 80' lang='lat' dir='ltr'><em>ad</em></span> <span class='ocrx_word' id='word_1_91' title='bbox 620 1097 864 1141; x_wconf 79' lang='lat' dir='ltr'><em>Thraseam</em></span> <span class='ocrx_word' id='word_1_92' title='bbox 907 1097 1021 1140; x_wconf 84' lang='lat' dir='ltr'><em>libro</em></span> <span class='ocrx_word' id='word_1_93' title='bbox 1059 1097 1367 1152; x_wconf 80' lang='lat' dir='ltr'><em>depromptam</em></span> <span class='ocrx_word' id='word_1_94' title='bbox 1404 1097 1671 1140; x_wconf 72' lang='lat' dir='ltr'><em>sententiam</em></span> <span class='ocrx_word' id='word_1_95' title='bbox 1702 1110 1812 1154; x_wconf 90' lang='lat' dir='ltr'><em>pro—</em></span> 
     </span>
     <span class='ocr_line' id='line_1_15' title="bbox 130 1154 1634 1212; baseline -0.001 -11"><span class='ocrx_word' id='word_1_96' title='bbox 130 1158 303 1201; x_wconf 83' lang='lat' dir='ltr'><em>saicam</em></span> <span class='ocrx_word' id='word_1_97' title='bbox 333 1170 421 1201; x_wconf 84' lang='lat' dir='ltr'><em>esse</em></span> <span class='ocrx_word' id='word_1_98' title='bbox 450 1170 575 1200; x_wconf 70' lang='lat' dir='ltr'><em>narce</em></span> <span class='ocrx_word' id='word_1_99' title='bbox 606 1156 680 1212; x_wconf 79' lang='lat' dir='ltr'><em>(ef.</em></span> <span class='ocrx_word' id='word_1_100' title='bbox 705 1155 856 1200; x_wconf 83' lang='lat' dir='ltr'><em>coroll.</em></span> <span class='ocrx_word' id='word_1_101' title='bbox 881 1154 1127 1211; x_wconf 87' lang='lat' dir='ltr'>LXXXIII)</span> <span class='ocrx_word' id='word_1_102' title='bbox 1157 1156 1247 1199; x_wconf 85' lang='lat' dir='ltr'><em>sibi</em></span> <span class='ocrx_word' id='word_1_103' title='bbox 1270 1156 1501 1211; x_wconf 80' lang='lat' dir='ltr'><em>persuasit</em></span> <span class='ocrx_word' id='word_1_104' title='bbox 1531 1155 1634 1199; x_wconf 79' lang='lat' dir='ltr'><em>Bae</em></span> 
     </span>
    </p>
   </div>
   <div class='ocr_carea' id='block_1_7' title="bbox 133 1324 1006 1447">
    <p class='ocr_par' dir='ltr' id='par_1_8' title="bbox 133 1324 1006 1447">
     <span class='ocr_line' id='line_1_16' title="bbox 934 1324 1006 1372; baseline 0 0"><span class='ocrx_word' id='word_1_105' title='bbox 934 1324 1006 1372; x_wconf 91' lang='lat' dir='ltr'><em>XI</em></span> 
     </span>
     <span class='ocr_line' id='line_1_17' title="bbox 133 1394 352 1447; baseline -0.005 0"><span class='ocrx_word' id='word_1_106' title='bbox 133 1394 352 1447; x_wconf 81' lang='lat' dir='ltr'><em>dicteria</em></span> 
     </span>
    </p>
   </div>
   <div class='ocr_carea' id='block_1_8' title="bbox 129 1492 1809 1610">
    <p class='ocr_par' dir='ltr' id='par_1_9' title="bbox 129 1492 1809 1610">
     <span class='ocr_line' id='line_1_18' title="bbox 248 1492 1809 1550; baseline -0.002 -12"><span class='ocrx_word' id='word_1_107' title='bbox 248 1493 513 1538; x_wconf 82' lang='lat' dir='ltr'><em>Macrobius</em></span> <span class='ocrx_word' id='word_1_108' title='bbox 546 1494 642 1538; x_wconf 86' lang='lat' dir='ltr'><em>Sat.</em></span> <span class='ocrx_word' id='word_1_109' title='bbox 672 1494 715 1537; x_wconf 90' lang='lat' dir='ltr'><strong>H</strong></span> <span class='ocrx_word' id='word_1_110' title='bbox 748 1499 787 1550; x_wconf 84' lang='lat'><em>1,</em></span> <span class='ocrx_word' id='word_1_111' title='bbox 813 1499 868 1538; x_wconf 88' lang='lat'><em>14</em></span> <span class='ocrx_word' id='word_1_112' title='bbox 902 1493 1099 1538; x_wconf 73' lang='lat' dir='ltr'><em>‘Nouius</em></span> <span class='ocrx_word' id='word_1_113' title='bbox 1131 1507 1242 1537; x_wconf 90' lang='lat' dir='ltr'><em>uero</em></span> <span class='ocrx_word' id='word_1_114' title='bbox 1273 1492 1649 1549; x_wconf 86' lang='lat' dir='ltr'><em>Pomponiusque</em></span> <span class='ocrx_word' id='word_1_115' title='bbox 1681 1492 1809 1537; x_wconf 83' lang='lat' dir='ltr'><em>iocos</em></span> 
     </span>
     <span class='ocr_line' id='line_1_19' title="bbox 129 1552 1412 1610; baseline -0.002 -12"><span class='ocrx_word' id='word_1_116' title='bbox 129 1568 224 1598; x_wconf 91' lang='grc'><strong>11011</strong></span> <span class='ocrx_word' id='word_1_117' title='bbox 254 1568 359 1597; x_wconf 85' lang='lat' dir='ltr'><em>raro</em></span> <span class='ocrx_word' id='word_1_118' title='bbox 391 1553 640 1597; x_wconf 82' lang='lat' dir='ltr'><em>dicteria</em></span> <span class='ocrx_word' id='word_1_119' title='bbox 669 1553 948 1597; x_wconf 83' lang='lat' dir='ltr'><em>nominant.’</em></span> <span class='ocrx_word' id='word_1_120' title='bbox 983 1552 1200 1610; x_wconf 79' lang='lat' dir='ltr'><em>(neuius</em></span> <span class='ocrx_word' id='word_1_121' title='bbox 1231 1552 1412 1608; x_wconf 85' lang='lat' dir='ltr'><em>Bamb.)</em></span> 
     </span>
    </p>
   </div>
   <div class='ocr_carea' id='block_1_9' title="bbox 133 1722 1893 1845">
    <p class='ocr_par' dir='ltr' id='par_1_10' title="bbox 133 1722 1893 1845">
     <span class='ocr_line' id='line_1_20' title="bbox 919 1722 1017 1769; baseline 0 0"><span class='ocrx_word' id='word_1_122' title='bbox 919 1722 1017 1769; x_wconf 91' lang='lat' dir='ltr'><em>XII</em></span> 
     </span>
     <span class='ocr_line' id='line_1_21' title="bbox 133 1792 1893 1845; baseline -0.001 0"><span class='ocrx_word' id='word_1_123' title='bbox 133 1792 401 1845; x_wconf 83' lang='lat' dir='ltr'><em>murcidus</em></span> <span class='ocrx_word' id='word_1_124' title='bbox 1809 1804 1893 1843; x_wconf 88' lang='lat'><em>195</em></span> 
     </span>
    </p>
   </div>
   <div class='ocr_carea' id='block_1_10' title="bbox 130 1891 1808 2067">
    <p class='ocr_par' dir='ltr' id='par_1_11' title="bbox 130 1891 1808 2067">
     <span class='ocr_line' id='line_1_22' title="bbox 248 1891 1808 1951; baseline -0.003 -14"><span class='ocrx_word' id='word_1_125' title='bbox 248 1893 539 1951; x_wconf 73' lang='lat' dir='ltr'><em>Augustinus</em></span> <span class='ocrx_word' id='word_1_126' title='bbox 565 1893 622 1936; x_wconf 86' lang='lat' dir='ltr'><em>de</em></span> <span class='ocrx_word' id='word_1_127' title='bbox 646 1892 733 1936; x_wconf 83' lang='lat' dir='ltr'><em>civ.</em></span> <span class='ocrx_word' id='word_1_128' title='bbox 760 1892 835 1936; x_wconf 88' lang='lat' dir='ltr'><em>dei</em></span> <span class='ocrx_word' id='word_1_129' title='bbox 858 1892 923 1935; x_wconf 91' lang='lat' dir='ltr'><em>IV</em></span> <span class='ocrx_word' id='word_1_130' title='bbox 949 1896 1003 1935; x_wconf 89' lang='grc'><em>16</em></span> <span class='ocrx_word' id='word_1_131' title='bbox 1031 1892 1185 1935; x_wconf 83' lang='lat' dir='ltr'><em>‘deam</em></span> <span class='ocrx_word' id='word_1_132' title='bbox 1207 1891 1448 1946; x_wconf 83' lang='lat' dir='ltr'><em>Murciam,</em></span> <span class='ocrx_word' id='word_1_133' title='bbox 1480 1903 1600 1946; x_wconf 85' lang='lat' dir='ltr'><em>quae</em></span> <span class='ocrx_word' id='word_1_134' title='bbox 1622 1891 1808 1946; x_wconf 84' lang='lat' dir='ltr'><em>praeter</em></span> 
     </span>
     <span class='ocr_line' id='line_1_23' title="bbox 130 1948 1806 2006; baseline -0.003 -9"><span class='ocrx_word' id='word_1_135' title='bbox 130 1953 321 1998; x_wconf 86' lang='lat' dir='ltr'><em>modum</em></span> <span class='ocrx_word' id='word_1_136' title='bbox 358 1967 452 1996; x_wconf 91' lang='lat' dir='ltr'><em>non</em></span> <span class='ocrx_word' id='word_1_137' title='bbox 482 1954 691 1996; x_wconf 88' lang='lat' dir='ltr'><em>moueret</em></span> <span class='ocrx_word' id='word_1_138' title='bbox 721 1965 777 1995; x_wconf 83' lang='lat' dir='ltr'><em>ae</em></span> <span class='ocrx_word' id='word_1_139' title='bbox 813 1951 989 1995; x_wconf 80' lang='lat' dir='ltr'><em>faceret</em></span> <span class='ocrx_word' id='word_1_140' title='bbox 1025 1950 1281 2006; x_wconf 88' lang='lat' dir='ltr'><em>hominem,</em></span> <span class='ocrx_word' id='word_1_141' title='bbox 1320 1952 1374 1994; x_wconf 92' lang='lat' dir='ltr'><em>ut</em></span> <span class='ocrx_word' id='word_1_142' title='bbox 1411 1949 1481 1994; x_wconf 89' lang='lat' dir='ltr'><em>ait</em></span> <span class='ocrx_word' id='word_1_143' title='bbox 1509 1948 1806 2006; x_wconf 82' lang='lat' dir='ltr'><em>Pomponius,</em></span> 
     </span>
     <span class='ocr_line' id='line_1_24' title="bbox 131 2009 1571 2067; baseline -0.003 -11"><span class='ocrx_word' id='word_1_144' title='bbox 131 2012 467 2067; x_wconf 79' lang='lat' dir='ltr'><em>murcidum,</em></span> <span class='ocrx_word' id='word_1_145' title='bbox 499 2011 549 2054; x_wconf 87' lang='lat' dir='ltr'><em>id</em></span> <span class='ocrx_word' id='word_1_146' title='bbox 581 2013 652 2055; x_wconf 86' lang='lat' dir='ltr'><em>est</em></span> <span class='ocrx_word' id='word_1_147' title='bbox 680 2009 818 2054; x_wconf 82' lang='lat' dir='ltr'><em>nimis</em></span> <span class='ocrx_word' id='word_1_148' title='bbox 852 2009 1138 2054; x_wconf 86' lang='lat' dir='ltr'><em>desidiosum</em></span> <span class='ocrx_word' id='word_1_149' title='bbox 1169 2012 1217 2053; x_wconf 88' lang='grc'><em>01,</em></span> <span class='ocrx_word' id='word_1_150' title='bbox 1246 2009 1571 2053; x_wconf 83' lang='lat' dir='ltr'><em>inactuosum.’</em></span> 
     </span>
    </p>
   </div>
   <div class='ocr_carea' id='block_1_11' title="bbox 724 2268 1207 2478">
    <p class='ocr_par' dir='ltr' id='par_1_12' title="bbox 724 2268 1207 2478">
     <span class='ocr_line' id='line_1_25' title="bbox 724 2268 1207 2340; baseline 0 -1"><span class='ocrx_word' id='word_1_151' title='bbox 724 2271 785 2339; x_wconf 91' lang='lat' dir='ltr'>N</span> <span class='ocrx_word' id='word_1_152' title='bbox 824 2271 875 2340; x_wconf 90' lang='grc' dir='ltr'>Ο</span> <span class='ocrx_word' id='word_1_153' title='bbox 907 2270 964 2340; x_wconf 82' lang='lat' dir='ltr'><strong>V</strong></span> <span class='ocrx_word' id='word_1_154' title='bbox 999 2271 1032 2338; x_wconf 95' lang='lat' dir='ltr'>I</span> <span class='ocrx_word' id='word_1_155' title='bbox 1069 2270 1125 2340; x_wconf 93' lang='lat' dir='ltr'><strong>V</strong></span> <span class='ocrx_word' id='word_1_156' title='bbox 1165 2268 1207 2339; x_wconf 81' lang='lat' dir='ltr'>S</span> 
     </span>
     <span class='ocr_line' id='line_1_26' title="bbox 797 2428 1137 2478; baseline -0.006 0"><span class='ocrx_word' id='word_1_157' title='bbox 797 2428 1137 2478; x_wconf 79' lang='lat' dir='ltr'>AGRIOOLA</span> 
     </span>
    </p>
   </div>
   <div class='ocr_carea' id='block_1_12' title="bbox 130 2522 1804 2645">
    <p class='ocr_par' dir='ltr' id='par_1_13' title="bbox 130 2522 1804 2645">
     <span class='ocr_line' id='line_1_27' title="bbox 245 2522 1804 2585; baseline -0.004 -11"><span class='ocrx_word' id='word_1_158' title='bbox 245 2530 408 2585; x_wconf 85' lang='lat' dir='ltr'><em>Neque</em></span> <span class='ocrx_word' id='word_1_159' title='bbox 442 2526 674 2585; x_wconf 80' lang='grc' dir='ltr'><strong><em>’Ἀγροικος</em></strong></span> <span class='ocrx_word' id='word_1_160' title='bbox 710 2526 786 2571; x_wconf 86' lang='lat' dir='ltr'><em>vel</em></span> <span class='ocrx_word' id='word_1_161' title='bbox 822 2523 1048 2583; x_wconf 77' lang='grc' dir='ltr'><em>’Ἀγροικοι</em></span> <span class='ocrx_word' id='word_1_162' title='bbox 1092 2539 1242 2581; x_wconf 90' lang='lat' dir='ltr'><em>neque</em></span> <span class='ocrx_word' id='word_1_163' title='bbox 1281 2522 1485 2581; x_wconf 75' lang='grc' dir='ltr'><strong><em>Γεωργοί</em></strong></span> <span class='ocrx_word' id='word_1_164' title='bbox 1524 2523 1804 2568; x_wconf 83' lang='lat' dir='ltr'><em>Graecorum</em></span> 
     </span>
     <span class='ocr_line' id='line_1_28' title="bbox 130 2587 500 2645; baseline -0.003 -13"><span class='ocrx_word' id='word_1_165' title='bbox 130 2589 222 2632; x_wconf 88' lang='lat' dir='ltr'><em>huc</em></span> <span class='ocrx_word' id='word_1_166' title='bbox 251 2587 500 2645; x_wconf 74' lang='lat' dir='ltr'><em>pertinent.</em></span> 
     </span>
    </p>
   </div>
   <div class='ocr_carea' id='block_1_13' title="bbox 956 2695 982 2741">
    <p class='ocr_par' dir='ltr' id='par_1_14' title="bbox 956 2695 982 2741">
     <span class='ocr_line' id='line_1_29' title="bbox 956 2695 982 2741; baseline 0 0"><span class='ocrx_word' id='word_1_167' title='bbox 956 2695 982 2741; x_wconf 95' lang='lat' dir='ltr'>I</span> 
     </span>
    </p>
   </div>
   <div class='ocr_carea' id='block_1_14' title="bbox 128 2777 1357 2853">
    <p class='ocr_par' dir='ltr' id='par_1_15' title="bbox 128 2777 1357 2853">
     <span class='ocr_line' id='line_1_30' title="bbox 128 2777 1357 2853; baseline -0.005 -18"><span class='ocrx_word' id='word_1_168' title='bbox 128 2782 357 2853; x_wconf 74' lang='lat' dir='ltr'><em>Edepol,</em></span> <span class='ocrx_word' id='word_1_169' title='bbox 394 2785 671 2851; x_wconf 82' lang='lat' dir='ltr'><em>paternam</em></span> <span class='ocrx_word' id='word_1_170' title='bbox 710 2779 808 2849; x_wconf 79' lang='lat' dir='ltr'><em>qui</em></span> <span class='ocrx_word' id='word_1_171' title='bbox 842 2781 1042 2831; x_wconf 81' lang='lat' dir='ltr'><em>comest</em></span> <span class='ocrx_word' id='word_1_172' title='bbox 1078 2777 1357 2847; x_wconf 75' lang='lat' dir='ltr'><em>pecliniam</em></span> 
     </span>
    </p>
   </div>
   <div class='ocr_carea' id='block_1_15' title="bbox 127 2877 1800 3054">
    <p class='ocr_par' dir='ltr' id='par_1_16' title="bbox 127 2877 1800 3054">
     <span class='ocr_line' id='line_1_31' title="bbox 245 2877 1800 2938; baseline -0.004 -11"><span class='ocrx_word' id='word_1_173' title='bbox 245 2883 426 2927; x_wconf 84' lang='lat' dir='ltr'><em>Nonius</em></span> <span class='ocrx_word' id='word_1_174' title='bbox 451 2887 522 2938; x_wconf 84' lang='lat'><em>81,</em></span> <span class='ocrx_word' id='word_1_175' title='bbox 546 2886 603 2925; x_wconf 81' lang='lat'><em>24</em></span> <span class='ocrx_word' id='word_1_176' title='bbox 629 2881 861 2924; x_wconf 82' lang='lat' dir='ltr'><em>‘comest</em></span> <span class='ocrx_word' id='word_1_177' title='bbox 881 2893 964 2935; x_wconf 90' lang='lat' dir='ltr'><em>pro</em></span> <span class='ocrx_word' id='word_1_178' title='bbox 989 2877 1192 2922; x_wconf 81' lang='lat' dir='ltr'><em>comedit</em></span> <span class='ocrx_word' id='word_1_179' title='bbox 1217 2915 1225 2922; x_wconf 92' lang='lat'>.</span> <span class='ocrx_word' id='word_1_180' title='bbox 1253 2914 1260 2922; x_wconf 93' lang='lat'>.</span> <span class='ocrx_word' id='word_1_181' title='bbox 1288 2914 1297 2923; x_wconf 94' lang='lat'><strong>.</strong></span> <span class='ocrx_word' id='word_1_182' title='bbox 1322 2877 1501 2922; x_wconf 83' lang='lat' dir='ltr'><em>Nouius</em></span> <span class='ocrx_word' id='word_1_183' title='bbox 1525 2877 1800 2922; x_wconf 87' lang='lat' dir='ltr'><em>Fullonibus</em></span> 
     </span>
     <span class='ocr_line' id='line_1_32' title="bbox 127 2937 1238 3001; baseline -0.004 -15"><span class='ocrx_word' id='word_1_184' title='bbox 127 2942 309 2987; x_wconf 81' lang='lat' dir='ltr'><em>feriatis</em></span> <span class='ocrx_word' id='word_1_185' title='bbox 343 2943 402 3001; x_wconf 94' lang='lat' dir='ltr'><em>[I]</em></span> <span class='ocrx_word' id='word_1_186' title='bbox 433 2941 558 2984; x_wconf 86' lang='lat' dir='ltr'><em>idern</em></span> <span class='ocrx_word' id='word_1_187' title='bbox 588 2938 827 2997; x_wconf 84' lang='lat' dir='ltr'><em>Agricola:</em></span> <span class='ocrx_word' id='word_1_188' title='bbox 861 2937 1043 2994; x_wconf 89' lang='lat' dir='ltr'><em>edepol&#39;</em></span> <span class='ocrx_word' id='word_1_189' title='bbox 1071 2951 1109 2982; x_wconf 86' lang='lat' dir='ltr'><em>e.</em></span> <span class='ocrx_word' id='word_1_190' title='bbox 1135 2952 1178 2992; x_wconf 92' lang='lat' dir='ltr'><em>q.</em></span> <span class='ocrx_word' id='word_1_191' title='bbox 1204 2952 1238 2982; x_wconf 80' lang='lat' dir='ltr'><em>s,</em></span> 
     </span>
     <span class='ocr_line' id='line_1_33' title="bbox 1448 3011 1536 3054; baseline 0.011 -1"><span class='ocrx_word' id='word_1_192' title='bbox 1448 3011 1536 3054; x_wconf 83' lang='lat'><em>20*</em></span> 
     </span>
    </p>
   </div>
  </div>
 </body>
</html>
