2060 3140
755 106 806 150 L.
838 106 1142 170 ffafflvs
1675 108 1783 162 209

0 217 1 260 ³
108 239 211 298 [IV]
242 239 367 282 idem
392 239 648 283 Simulante
793 241 841 283 et
869 238 920 282 in
950 239 1278 296 Emancipato:
1312 241 1584 297 optandum’
1613 255 1650 286 e.
1677 256 1720 297 q.
1747 257 1782 286 s,

105 297 522 355 (eamancipato
553 239 772 343 Emi&
809 312 871 342 an
901 299 1340 357 ecmancipato?)

871 438 1014 485 XXII

104 519 221 590 <Ο>
261 522 421 589 quam
460 521 645 574 beatae
684 521 919 573 scenicae
957 521 1096 573 mihi‘
1129 522 1380 574 uidentur
1417 522 1679 591 mulieres,
1786 536 1871 575 100

106 608 252 672 Quae
290 608 466 678 iurgio
506 610 709 661 terrent
745 609 892 661 uiros
931 609 1174 662 desubito
1215 613 1269 662 et
1305 610 1668 663 beniuolentia

221 709 400 753 Nonius
448 715 548 765 517,
587 693 655 754 17λ
684 709 968 754 ‘desubito
1019 747 1028 755 .
1056 746 1064 754 .
1093 747 1101 755 .
1130 747 1138 754 .
1187 710 1406 754 Afranius
1453 711 1780 767 Emancipato:

105 770 264 824 quam’
300 783 336 812 e.
364 784 406 824 q.
434 784 467 814 s,
1643 820 1646 824 .

224 862 246 900 1
283 860 469 901 scentae
500 858 545 901 L
584 859 740 900 scente
773 858 850 901 Ba
890 858 1071 900 scentce
1105 858 1214 902 Par.
1243 858 1281 902 O
1408 857 1525 900 mihi
1563 858 1783 901 uidentur

102 917 399 974 Bruqmanas
426 932 472 972 p.
501 921 554 959 19
594 915 814 959 uidentur
844 915 961 958 mihi
992 933 1026 958 ω
1163 921 1188 958 2
1220 918 1396 959 terrent
1430 918 1514 974 (vel
1544 918 1778 973 torquent)

101 974 227 1019 uiros
259 971 474 1019 desubito
507 977 554 1018 et
584 974 906 1018 beniuolentia
933 988 986 1018 x:
1018 974 1224 1018 mulcent
1250 977 1518 1019 sententiam
1541 977 1792 1032 explevisse-

97 1040 222 1091 puto.
263 1035 320 1085 etd
355 1033 677 1078 beniuolentia
721 1035 898 1076 terrent
940 1033 1069 1089 (fient
1109 1034 1279 1091 Palat.)
1325 1034 1539 1078 desubito
1579 1034 1704 1078 uiros
1743 1052 1778 1078 ω

102 1095 152 1136 et
190 1092 405 1136 desubito
443 1092 764 1136 beniuolentia
802 1094 978 1136 terrent
1014 1092 1139 1135 uiros
1179 1094 1285 1137 olim
1323 1094 1531 1138 dederam
1569 1108 1780 1138 caeswrae

102 1154 326 1210 leyitimae
372 1153 591 1207 defectam
630 1152 916 1209 polysyllabo
957 1165 1190 1196 excusans.
1263 1151 1414 1208 iurgio
1460 1151 1778 1208 uiolentiaque

100 1213 276 1255 terrent
308 1210 522 1255 desubito
554 1210 680 1253 uiros
713 1211 1000 1255 Passeratius
1118 1212 1258 1266 quam
1288 1211 1457 1254 beatae
1490 1226 1523 1255 S.
1548 1211 1779 1255 Videntur

100 1269 317 1314 mulieres
366 1269 503 1325 mihi,
551 1283 670 1325 quae
716 1268 867 1326 iurgio
913 1269 974 1312 Et
1018 1268 1338 1313 beniuolentia
1376 1271 1516 1313 urunt
1561 1269 1776 1314 desubito

100 1329 225 1373 uiros
256 1330 359 1374 Bue

3 1497 9 1502 p
853 1438 1024 1485 xxm

3 1508 7 1536 ¹
77 1506 184 1560 '¹02
225 1539 294 1544 —
337 1507 478 1570 Quid
515 1508 747 1560 clamas?

218 1608 452 1653 Charisius
490 1623 533 1665 p.
561 1614 647 1652 214
685 1610 732 1653 P.
778 1609 829 1652 ‘o
870 1607 1070 1652 dolentis
1112 1610 1202 1664 est,
1250 1610 1303 1651 ut
1344 1644 1389 1652 ..
1416 1643 1426 1652 .
1465 1606 1684 1652 Afranius
1727 1607 1778 1650 in

98 1667 427 1725 Emancipato:
467 1674 514 1713 0!
562 1667 676 1724 quid
707 1667 936 1712 clamas?’

3 1663 5 1711 in„
0 1537 7 1641 .-.....-.-
3 1468 7 1487 Α.
2 1416 6 1436 -›

218 1758 416 1802 Posswnt
446 1759 582 1802 etiam
612 1772 668 1801 ex
698 1758 841 1801 medio
871 1770 1000 1800 versu
1029 1761 1209 1812 sumpta
1238 1769 1327 1799 esse

856 1894 1019 1942 XXIV

99 1981 186 2035 Au
194 2025 208 2052 ‚
262 1981 342 2034 mi
386 1981 570 2033 homo!
647 1980 810 2032 immo
862 1978 1049 2047 edepol
1097 1979 1195 2030 u6s
1246 1995 1551 2047 supremum
1595 1979 1775 2028 meum

1091 2065 1469 2119 concelebretl‘s
1509 2065 1662 2117 diem.

218 2170 453 2214 Charisius
484 2186 528 2227 p.
555 2175 641 2213 214
671 2170 721 2214 P.
758 2170 883 2213 ‘auf

216 2273 281 2316 mi
320 2273 458 2317 homo
493 2275 559 2317 ed.
587 2287 660 2329 pr.
699 2242 747 2315 m
779 2286 882 2316 omo
915 2272 1008 2316 eod.
1151 2271 1280 2314 Inter
1311 2270 1427 2313 duas
1458 2281 1677 2324 personas
1710 2269 1775 2313 sie

99 2334 415 2378 distribuenda
445 2338 486 2376 et
524 2333 791 2389 corriyenda
829 2345 916 2376 esse
954 2345 1034 2385 au,
1074 2331 1139 2372 mi
1176 2329 1327 2373 homo.
1370 2329 1390 2377 ΙΓ
1426 2326 1568 2370 immo
1609 2327 1772 2383 edepol

71 2406 204 2447 -uos,
250 2407 282 2436 s.
315 2407 373 2435 m.
416 2390 784 2434 concelebrantis
825 2389 948 2433 diem
986 2390 1212 2446 Bequius
1249 2388 1461 2432 censebat.
1524 2387 1771 2430 Exclama-

14 2480 16 2484 -
99 2453 238 2495 tionis
268 2465 457 2505 sensum,
490 2452 551 2494 ad
578 2465 704 2506 quem
733 2450 963 2507 sequentia
993 2448 1240 2492 necessario
1264 2447 1505 2503 pertinent,
1540 2446 1774 2490 Terentius

8 2490 35 2554 i,
98 2512 273 2567 adelph.
300 2514 384 2553 336
417 2511 619 2554 declarat

774 2630 1100 2680 EPISTVLA

218 2731 425 2786 Supparo
472 2729 662 2773 indutus
708 2729 849 2786 (XII),
894 2726 944 2770 id
992 2728 1063 2770 est
1106 2725 1312 2782 puellam
1356 2723 1584 2767 mentiens
1630 2723 1770 2780 (XIV)

100 2789 373 2833 adulescens
408 2788 458 2831 in
489 2790 673 2832 amatae
706 2788 894 2830 domum
923 2784 1129 2842 irrepsit,
1169 2783 1250 2828 ubi
1283 2797 1382 2828 sero
1410 2781 1569 2826 vnescio
1601 2781 1771 2838 quibus

98 2848 248 2892 turbis
272 2847 666 2891 intercedentibus
690 2845 958 2903 agnoscitur
982 2859 1009 2888 a
1033 2846 1181 2888 matre
1203 2842 1337 2887 irata.
1387 2842 1440 2885 Id
1465 2841 1588 2885 enim
1610 2842 1773 2885 narrat
1809 2852 1813 2856 ·

98 2907 198 2950 filia
227 2907 281 2951 fr.
306 2907 403 2952 XV.

188 2990 318 3023 Scaen.
342 2998 442 3029 poes.
466 2990 574 3023 Rom.
596 2989 729 3030 fragm.
753 2987 810 3021 ed.
833 2988 1026 3019 Rmnnox.
1060 2986 1113 3018 11.
1450 2979 1504 3018 14
