2060 3140
788 119 881 165 CN.
911 119 1177 164 NAEVIVS
1750 119 1820 174 29

942 259 1019 307 ΠΙ

141 338 323 392 Etiam
363 337 455 406 qui
493 354 577 389 res
614 337 834 407 magnas
872 355 1034 389 manu
1072 355 1226 406 saepe
1265 336 1431 407 gessit
1468 336 1723 408 gloriose,

144 425 308 479 Cuius
343 424 487 478 facta
525 424 651 477 uiua
686 427 828 478 minc
867 425 1075 497 uigent,
1122 425 1216 495 qui
1261 425 1401 495 apud
1447 426 1634 496 gentes
1678 425 1822 479 solus

701 523 705 527 ·
1199 508 1458 576 praestat,

141 594 282 648 Eum
325 597 453 647 suus
484 597 636 664 pater
674 613 794 648 cum
832 594 996 665 pallio
1034 595 1180 648 unod
1217 595 1284 648 ab
1323 594 1494 648 amica
1533 594 1771 648 abduxit.
1827 610 1912 649 110

263 687 440 733 Gellius
465 688 550 732 VH
573 693 622 745 8,
647 692 674 732 5
710 687 992 746 ‘Scipionem
1021 687 1183 744 istum,
1224 702 1396 733 uerone
1433 703 1494 734 an
1524 687 1645 733 falso
1674 687 1823 732 incer-

140 749 263 804 tum,
300 746 426 791 fama
457 749 635 804 tamen,
676 761 782 791 cum
814 750 938 791 esset
968 746 1263 805 adulescens,
1301 747 1430 792 haud
1469 747 1650 792 sincera
1679 746 1823 792 fuisse

141 810 191 852 et
227 805 562 864 propemodum
600 805 887 863 constitisse,
924 806 1066 850 hosce
1104 819 1266 850 uersus
1307 820 1335 850 a
1365 806 1445 852 Cn.
1471 806 1651 851 Naeuio
1682 808 1824 863 poeta

141 866 194 911 in
225 879 331 910 eum
361 865 557 922 scriptos
589 878 711 910 esse:
750 863 911 909 etiam’
946 878 984 909 e.
1011 879 1054 921 q.
1081 880 1114 910 s,
1180 864 1282 908 ‘His
1321 879 1409 922 ego
1441 865 1654 910 uersibus
1687 865 1822 909 credo
1887 899 1889 901 .

144 925 401 970 adductum
423 923 662 969 Valerium
684 923 927 968 Antiatem
950 924 1173 968 aduersus
1198 926 1376 969 ceteros
1402 923 1551 969 onmis
1576 923 1822 981 scriptores

143 985 201 1028 de
241 982 471 1040 Scipionis
510 982 715 1027 moribus
749 982 981 1028 sensisse.’
1044 982 1224 1027 Desunt
1262 982 1312 1027 in
1350 983 1452 1028 Par.
1487 985 1535 1028 et
1564 983 1692 1027 Rott.
1756 982 1821 1027 Cf.

51 1072 60 1085 .
142 1041 434 1087 Fleckeiseni
464 1041 610 1099 Epist.
644 1041 744 1086 crit.
778 1042 840 1086 ad
869 1042 931 1087 M.
956 1041 1196 1086 Hertzium
1226 1057 1270 1099 p.
1297 1046 1367 1087 29.

264 1120 378 1160 1—3
401 1117 677 1174 septenarios
699 1116 914 1161 iambicos
935 1117 1120 1174 aqnovit
1143 1116 1489 1161 Klassmannus
1580 1121 1602 1159 1
1629 1129 1823 1173 magnas

143 1189 285 1219 manu
317 1188 455 1232 saepe
479 1192 530 1231 ω,
554 1176 770 1232 probavit
791 1174 895 1220 Bue
925 1189 1097 1232 qaoque
1128 1176 1205 1220 lat.
1234 1175 1342 1220 decl.
1367 1180 1424 1219 49
1455 1189 1598 1219 manu
1628 1189 1823 1231 magnas

144 1248 283 1292 saepe
313 1236 382 1280 vel
410 1247 553 1278 manu
583 1247 722 1291 saepe
753 1247 949 1291 magnas
983 1234 1296 1280 Fleckeisenas
1326 1236 1354 1278 l.
1379 1236 1407 1279 l.
1447 1248 1644 1291 magnas
1684 1247 1824 1278 manu

146 1308 230 1338 sua
269 1294 497 1360 Bequius
531 1295 670 1352 symb.
697 1293 718 1336 Ι
745 1297 844 1339 108.
907 1307 1046 1350 saepe
1085 1292 1183 1350 egit
1220 1294 1500 1349 Palmerias;
1540 1307 1618 1352 eqo
1655 1294 1827 1338 conieci

143 1367 228 1410 per
257 1355 404 1410 gesslt
433 1351 635 1410 gloriose
667 1353 816 1398 coroll.
840 1351 992 1397 XVIH
1111 1357 1138 1396 3
1167 1351 1348 1409 palliod
1371 1351 1499 1397 unod
1521 1352 1625 1397 Bae
1647 1353 1824 1397 annall.

138 1413 316 1470 philoll.
337 1417 448 1457 1867
467 1427 517 1468 p.
536 1415 592 1456 68
623 1417 665 1458 et
687 1410 962 1457 Ritscbelias
990 1426 1162 1457 excurs.
1194 1426 1294 1457 nov.
1320 1411 1478 1458 Plaat.
1495 1411 1604 1468 165,
1636 1425 1827 1469 qaorum

143 1472 221 1516 ille
265 1477 416 1517 tamen
459 1470 636 1516 hiatum
680 1472 732 1516 in
776 1485 964 1517 caesura
1000 1485 1095 1516 non
1131 1472 1404 1528 repudiavit.
1466 1469 1612 1528 pallio
1658 1484 1751 1514 uno
1791 1487 1827 1514 ω

143 1530 290 1588 pallio
321 1544 413 1575 uno
446 1543 584 1586 saepe
608 1529 834 1589 Berykius
922 1530 1073 1574 amica
1097 1531 1366 1576 deteriorum
1383 1545 1498 1587 pars
1520 1529 1671 1574 amico
1695 1531 1829 1574 ceteri

145 1604 248 1635 cam
273 1590 372 1635 Vat.
455 1587 602 1646 pallio
633 1589 694 1633 ab
719 1588 868 1633 amico
893 1589 1091 1634 abduxit
1114 1603 1205 1634 uno
1231 1589 1577 1635 Klassmannas
1650 1587 1826 1634 Parum

138 1649 420 1706 probabilem
448 1650 609 1693 horwm
637 1662 845 1693 versuum
868 1649 1228 1694 distributionem
1244 1650 1486 1706 proposuit
1510 1647 1827 1694 CFWMael·

144 1710 265 1753 teras
289 1709 470 1764 prosod.
503 1708 658 1752 Plaat.
685 1711 770 1751 200
950 1758 1024 1805 IV

1207 1829 1264 1866 re
1340 1832 1395 1865 m
1429 1812 1562 1866 fssiis

146 1900 371 1973 Linguis
387 1901 603 1954 faueant
619 1901 778 1970 atque
795 1901 1067 1971 adnutent,
1081 1902 1179 1954 nec
1194 1832 1456 1971 <affmis>
1472 1867 1825 1954 subseruiant.

265 1994 438 2039 Fronto
471 1993 604 2051 epist.
629 1994 671 2038 Π
697 1999 751 2038 10
782 2010 825 2051 p.
852 1998 908 2038 33
932 1993 1052 2039 Nab.
1088 1993 1220 2038 ‘item
1251 1994 1376 2050 quod
1406 1994 1601 2038 Plautus
1641 1993 1825 2053 egregie

147 2054 197 2097 in
229 2053 394 2099 Colace
427 2067 564 2110 super
595 2054 759 2097 eadem
787 2067 836 2097 re
869 2052 938 2097 ait
969 2052 1102 2112 [fr.11
1125 2053 1222 2112 Gr.]:
1262 2055 1344 2109 qui
1375 2053 1490 2097 data
1519 2053 1611 2098 fide
1642 2053 1826 2096 firmata

147 2114 370 2157 fidentem
391 2112 644 2158 fefellerint
661 2111 857 2163 Subdoli
880 2113 1244 2169 subsentatores‚
1267 2111 1368 2169 regi
1390 2112 1472 2168 qui
1490 2114 1599 2157 sunt
1612 2111 1825 2169 proximi,

148 2172 240 2225 Qui
270 2171 410 2217 aliter
439 2171 539 2229 regi
570 2171 708 2216 dictis
741 2171 917 2227 dicunt,
950 2171 1087 2215 aliter
1116 2171 1167 2216 in
1198 2171 1354 2216 animo
1381 2171 1610 2231 (autem)
1635 2171 1824 2216 habent.

148 2231 276 2275 Haec
315 2230 439 2275 enim
478 2230 590 2276 olim
627 2230 923 2275 incommoda
960 2230 1147 2288 regibus
1195 2230 1306 2275 solis
1348 2230 1448 2275 fieri
1493 2230 1728 2276 solebant:
1776 2231 1827 2274 at

148 2290 274 2334 enim
312 2304 436 2334 nunc
474 2289 674 2334 adfatim
713 2292 820 2334 sunt
858 2289 940 2346 qui
979 2292 1027 2334 et
1064 2303 1256 2347 regum
1292 2289 1466 2345 filiis,
1513 2292 1575 2334 ut
1611 2288 1825 2333 Neuius

148 2349 254 2404 ait,
287 2349 531 2406 linguis’
566 2362 604 2393 e.
630 2364 673 2405 q.
700 2364 734 2394 s.

267 2436 430 2479 regum
460 2421 569 2466 filiis
600 2429 755 2468 utrum
785 2422 955 2468 Naevii
984 2437 1048 2467 an
1080 2422 1330 2467 Frontonis
1361 2424 1420 2466 sit
1450 2422 1657 2467 dubitari
1680 2427 1827 2479 potest

147 2495 353 2587 Studneo
390 2483 555 2586 sgr-ips}
590 2482 724 2586 Qaut
754 2483 898 2550 olim).
922 2481 983 2525 Et
1020 2483 1307 2585 ingtianouii
1344 2482 1562 2584 ῖαΐεὶὸοζαῖξὶ
1589 2482 1683 2527 cod.
1724 2487 1828 2547 teste

267 2555 400 2586 emwn
433 2555 459 2587 o
488 2556 518 2586 a
658 2555 897 2587 ussmanni
934 2554 1057 2585 emen
1093 2576 1102 2585 .
1188 2554 1305 2585 ron.
1378 2576 1387 2585 .
1658 2554 1827 2584 animis

146 2602 297 2657 suppl.
329 2601 431 2644 Bae
521 2601 572 2644 at
603 2599 695 2644 sibi
725 2613 774 2644 re
804 2601 898 2656 fait
926 2614 1028 2645 cwm
1058 2601 1300 2645 conicerem
1341 2554 1375 2597 P

149 2771 345 2825 Libera
382 2772 566 2843 lingua
604 2772 885 2842 loquemur
923 2694 1062 2824 bigis
1101 2770 1451 2824 Liberalibus.

271 2865 407 2909 Pauli
427 2864 591 2909 Festus
615 2880 658 2922 p.
679 2870 764 2909 116
781 2865 841 2910 Μ.
871 2863 1187 2908 ‘Liberalia
1211 2864 1367 2908 Liberi
1390 2864 1525 2920 festa,
1557 2876 1676 2920 quae
1701 2864 1828 2922 apud

153 2922 355 2968 Graecos
388 2924 604 2968 dicuntur
636 2925 875 2969 Διονύσια.
937 2922 1166 2968 Naeuius:
1198 2923 1365 2968 libera’
1400 2937 1437 2968 e.
1463 2939 1507 2979 q.
1534 2939 1568 2968 s,
