2060 3140
195 153 302 207 366
733 151 999 198 DECIMVS
1028 150 1294 196 LABERIV
1297 149 1326 194 S

191 289 213 331 t
221 300 247 330 6
258 301 278 330 s
286 287 308 330 t
317 287 334 329 1
342 287 364 330 t
372 301 395 329 1·
404 300 432 330 a
440 286 472 329 h
481 300 511 328 u
521 300 554 329 S.
619 284 814 330 Graece:
858 281 1300 342 &voenoefmptus'pocvoc
1343 279 1552 341 ἔριόθριξ
1590 284 1867 343 ὀρχεισύρος.

193 345 258 390 Cf.
291 345 423 393 Arie
433 359 453 388 s
484 343 663 387 mimus.

973 496 1091 544 XXI

302 597 663 650 Tertullianus
701 596 911 666 apolog.
951 595 1022 648 48
1071 595 1187 666 ‘age
1234 595 1362 666 iam,
1409 596 1462 648 si
1509 596 1615 666 qui
1660 597 1869 666 philo-

193 686 427 755 sophus
480 685 809 755 adfirmet,
869 687 931 736 ut
985 684 1061 737 ait
1113 683 1370 737 Laberius
1424 684 1493 737 de
1547 686 1869 738 sententia

191 774 616 845 Pythagorae,
657 759 973 826 hominem
1012 772 1167 825 fieri
1206 791 1278 825 ex
1315 772 1507 844 mulo,
1545 773 1868 827 colubram

192 882 264 916 ex
308 862 599 932 muliere,
645 864 699 914 et
743 861 800 914 in
838 879 954 914 eam
994 861 1299 930 opinionem
1338 861 1516 914 omnia
1558 866 1869 933 argumenta

191 951 391 1020 eloquii
436 951 638 1003 uirtute
682 950 1002 1020 distorserit,
1048 967 1223 1002 11011116
1270 967 1583 1003 consensum
1627 951 1869 1004 monebit

193 1042 246 1092 et
282 1039 442 1091 fidem
487 1039 676 1110 infiget
721 1039 882 1091 etiam
921 1038 987 1090 ab
1035 1037 1354 1091 animalibus
1399 1037 1698 1092 abstinendi
1747 1058 1867 1109 pro-

191 1127 407 1196 pterea?
467 1145 776 1196 persuasum
816 1127 936 1195 quis
972 1126 1188 1197 habeat,
1226 1144 1293 1178 ne
1329 1127 1469 1179 forte
1507 1126 1763 1179 bubulam
1804 1127 1866 1180 de

193 1215 371 1283 aliquo
410 1233 613 1283 proauo
655 1233 750 1268 suo
791 1214 1077 1267 obsonet?'
1142 1213 1218 1267 Cf.
1256 1213 1469 1268 Cancer.

311 1330 551 1374 Senarium
590 1329 670 1374 sio
708 1329 801 1387 (vel
833 1329 931 1386 ait)
971 1329 1250 1374 hominem
1287 1329 1426 1374 fieri
1465 1343 1528 1374 ex
1565 1330 1735 1388 mulo,
1776 1344 1864 1375 co—

192 1389 412 1434 lubram
450 1403 513 1434 ex
551 1389 788 1433 muliere
818 1388 1003 1434 notavit
1032 1389 1130 1433 Bue

956 1589 1098 1636 XXII

108 1677 128 1714 1
137 1675 190 1715 55
209 1658 542 1727 [dextrabus]

311 1773 490 1817 Nonius
528 1778 629 1830 493,
663 1779 717 1818 19
760 1774 1091 1818 ‘dextrabus
1136 1788 1220 1830 pro
1263 1773 1478 1819 dexteris.
1547 1773 1770 1818 Laberius
1816 1774 1866 1817 in

195 1832 400 1877 Odissia:
446 1833 595 1888 deque
632 1832 848 1877 manibus
888 1833 1173 1878 dextrabus.’
1236 1833 1332 1877 Aut
1368 1832 1563 1877 Livius
1606 1847 1711 1877 eum
1747 1833 1864 1877 Ben-

193 1891 293 1935 tino
319 1891 613 1936 scribendum
636 1894 720 1936 aut
749 1891 919 1936 lacuna
947 1892 1199 1936 statuenda
1226 1892 1365 1936 huius
1388 1892 1538 1938 modi:
1573 1892 1866 1936 ‘Laberius

197 1950 510 1995 ...Liuius
541 1951 599 1995 in
631 1951 876 1996 Odissia’
904 1965 942 1996 e.
968 1966 1011 2007 q.
1038 1966 1070 1996 S.

948 2136 1115 2183 XXIII

196 2205 405 2258 sobrior

315 2304 551 2350 Charisius
589 2321 633 2362 p.
660 2310 715 2349 64
755 2306 804 2350 P.
846 2305 1068 2362 ‘sobrius‚
1109 2305 1234 2361 quod
1271 2318 1441 2349 nomen
1478 2305 1737 2362 comparari
1775 2318 1869 2349 non

198 2365 349 2409 debet.
426 2378 576 2420 neque
622 2364 747 2408 enim
793 2364 971 2408 sobrior
1013 2377 1166 2419 neque
1216 2363 1507 2408 sobrissimus
1556 2364 1649 2408 dici
1698 2366 1868 2421 potest,

197 2423 410 2479 quamuis
441 2423 664 2468 Laberius
698 2423 920 2468 sobrior
952 2423 1153 2467 dixerit.'

953 2607 1116 2654 XXIV

200 2677 350 2729 aluus

322 2777 555 2822 Charisius
600 2793 644 2835 p.
679 2783 733 2822 61
773 2778 822 2822 Ρ.
881 2778 1095 2822 ‘aluum
1142 2776 1374 2834 Vergilius
1427 2775 1649 2821 feminino
1702 2787 1869 2832 genere

203 2851 338 2894 saepe
393 2837 532 2894 dixit,
587 2838 669 2882 sed
720 2836 977 2881 masculine
1023 2836 1193 2882 Caluus
1243 2871 1251 2881 .
1286 2872 1296 2881 .
1331 2872 1340 2881 .
1387 2837 1436 2880 et
1481 2835 1681 2900 Heluius
1724 2833 1869 2878 Cinna

202 2896 673 2999 eelebrgbitkaberius
727 2898 776 2940 et
822 2896 990 2940 Accius
1043 2895 1327 2951 frequenter,
1381 2894 1506 2950 quod
1558 2907 1708 2950 magls
1759 2906 1870 2936 usus
