2060 3140
230 122 299 176 58
773 84 1080 167 CAECILIVS
1112 120 1329 166 STATIV
1331 121 1360 166 S

481 281 1045 332 HYPOBOLIMAEVS
1094 281 1658 343 CHAERESTRATVS

142 389 199 428 85
230 375 370 429 Nam
411 375 515 428 ista
554 375 767 444 quidem
805 392 946 444 noxa
982 373 1243 426 muliebre
1282 377 1362 427 est
1394 376 1567 447 magis
1598 377 1758 446 quam
1787 378 1910 430 uiri.

346 475 511 520 Festus
542 491 586 531 p.
607 480 692 519 174
707 474 768 518 M.
806 475 974 518 ‘noxa
1003 476 1252 530 peccatum
1275 476 1359 518 aut
1380 488 1465 532 pro
1487 479 1683 532 peccato
1705 488 1906 534 poenam

226 561 286 567 —
316 533 430 578 item
441 570 452 590 ,
484 548 590 577 cum
619 534 695 577 lex
724 532 858 577 iubet
886 546 1038 577 noxae
1068 533 1251 589 dedere,
1282 547 1366 590 pro
1395 537 1590 590 peccato
1622 536 1732 580 dedi
1760 536 1905 582 iubet.

227 592 456 638 Caecilius
502 593 553 636 in
597 591 1050 649 Hypobolimaeo
1098 592 1491 637 chaerestato:
1537 595 1672 638 nam’
1721 609 1759 641 e.
1792 610 1835 652 q.
1869 610 1904 641 S.

228 651 649 710 (Chaerestrato
683 651 907 708 Scaliger)

342 739 490 784 istaec
524 740 779 785 Grauertus
919 739 1147 783 muliebre
1178 742 1250 784 est
1278 741 1475 785 Bothius
1506 742 1579 798 (cf.
1599 741 1707 790 ‚Leo
1737 743 1809 788 Pl.
1843 744 1904 788 F.

227 800 331 856 259)
367 798 643 844 muliebrem
685 802 733 843 et
778 801 872 844 cod.
918 797 1160 842 muliebris
1200 801 1271 843 est
1293 800 1505 850 ¹Vrsiwms
1549 799 1813 846 muliebrist
1852 802 1904 848 Ο.

226 859 501 914 Muellerus,
542 859 667 904 Brix
708 860 770 904 ad
812 859 977 903 Plauti
1015 860 1108 903 mil.
1144 862 1228 902 187
1258 858 1491 903 mulierist
1533 859 1790 906 Grauertus

224 916 432 961 mulieris
462 917 613 975 magis
645 931 787 974 quam
817 916 908 961 uiri
939 918 1011 961 est
1042 917 1301 963 Meinekius
1331 918 1459 964 Men.
1485 933 1534 975 p.
1570 924 1653 963 172

561 1100 1129 1150 HYPOBOLIMAEVS
1183 1093 1567 1149 RASTRARTA

340 1197 406 1242 Cf.
437 1197 737 1242 Woelfflinus
768 1212 884 1242 mus.
919 1197 1066 1242 Rhen.
1099 1203 1171 1254 43,
1205 1202 1303 1242 308.

223 1390 517 1444 Obsurduit
554 1392 661 1444 iam
699 1392 829 1445 haec
867 1391 924 1444 in
963 1411 1080 1445 mea
1119 1411 1371 1445 aerumna
1409 1391 1638 1445 miseria.

338 1492 518 1537 Nonius
560 1497 658 1550 147,
699 1498 724 1537 3
775 1492 1126 1537 ‘obsorduit’
1175 1493 1499 1550 (obsurduit
1555 1494 1643 1551 Ba,
1706 1494 1756 1538 in
1809 1510 1900 1552 quo

220 1550 392 1595 lemma
423 1551 574 1596 solum
603 1554 749 1609 extat)
784 1551 1049 1597 ‘obsoleuit
1098 1551 1327 1596 Caecilius
1359 1552 1649 1609 Hypouoli
1679 1553 1903 1599 Ristra-

220 1609 324 1655 ria:
350 1610 609 1655 obsorduit’
630 1625 767 1668 e.q.s.
791 1612 999 1670 (hypob
1032 1611 1317 1655 rastraria
1340 1611 1419 1655 HL
1444 1611 1903 1669 Hypobolimaea

220 1669 523 1714 Rastraria
553 1670 776 1728 Scaliger)
1758 1685 1761 1686 ⁷

337 1757 579 1802 obsorduit
609 1776 665 1804 co:
697 1760 753 1815 cf.
786 1761 850 1804 ad
880 1764 949 1815 95,
983 1764 1008 1802 2
1129 1773 1234 1803 mea
1266 1759 1581 1805 Fleckeiscnus
1611 1774 1684 1804 me
1718 1779 1752 1805 ω

1032 1883 1085 1930 II

218 1965 283 2019 In
319 1967 474 2019 u61tu
513 1967 719 2036 eodem,
759 1967 816 2019 in
855 1966 1038 2019 eadem
1075 1969 1282 2019 mantat
1319 1966 1538 2019 malitia.
1588 1962 1590 1964 ’

335 2067 514 2112 Nonius
552 2072 659 2124 505,
693 2072 749 2110 23
792 2068 1037 2112 ‘mantat
1073 2081 1156 2124 pro
1195 2069 1368 2112 manet.
1429 2065 1657 2111 Caecilius
1696 2068 1897 2127 Hypob

218 2126 538 2172 Rastraria:
571 2126 621 2170 in
651 2126 802 2171 uoltu’
839 2140 876 2171 e.
910 2142 954 2183 q.
987 2142 1021 2171 s.

950 2275 952 2277 v
1021 2237 1098 2285 III

218 2319 331 2373 Hos
369 2320 681 2391 singulatim
720 2321 924 2390 sapere,
962 2339 1060 2373 nos
1098 2319 1275 2372 minus
1313 2319 1559 2373 arbitror.
1607 2309 1609 2311 ¹

335 2420 514 2465 Nonius
555 2426 660 2478 176,
694 2426 718 2465 7
763 2420 1130 2478 ‘singulatim
1176 2423 1225 2465 et
1270 2417 1568 2479 singillatim,
1617 2436 1645 2466 a
1685 2422 1895 2480 singulis.

220 2478 446 2523 Caecilius
478 2480 767 2537 Hypoboli
798 2479 1118 2526 Rastraria:
1151 2480 1254 2525 hos’
1291 2494 1327 2524 e.
1362 2495 1404 2536 q.
1439 2495 1486 2526 S.-

334 2581 419 2611 nos
452 2583 486 2613 s.
520 2583 553 2612 S.
586 2583 681 2613 non
710 2569 909 2613 Bothius

1018 2680 1090 2727 IV

218 2759 426 2814 Rabere
467 2779 522 2814 se
561 2763 638 2815 ait

334 2861 513 2905 Nonius
546 2867 617 2918 40,
651 2868 676 2906 3
717 2864 764 2906 ‘r
778 2864 946 2908 abere
985 2865 1162 2909 dictum
1200 2867 1271 2909 est
1309 2879 1337 2909 a
1374 2865 1504 2910 rabie
1539 2902 1547 2910 .
1583 2901 1590 2909 .
1627 2902 1635 2910 .
1667 2865 1894 2910 Caecilius

216 2920 663 2977 Hypobolimaeo
695 2923 1032 2970 Rastrabia:
1062 2939 1097 2969 r.
1123 2939 1157 2969 s,
1184 2925 1244 2970 a.’
1279 2923 1644 2983 (hipolimaeo
1676 2927 1895 2969 rastra-
