2060 3140
868 115 1093 162 NOVIVS
1710 117 1816 171 321

805 255 1112 306 PACILIVS
1122 258 1150 287 '¹‘

140 355 216 408 Vt
254 355 364 407 sole
408 355 621 423 crescit,
668 356 817 407 cerae
864 359 1036 408 castra
1075 356 1259 409 crebro
1300 356 1569 425 catapulta
1606 356 1820 425 inpulit.

261 453 441 498 Nonius
474 459 574 510 552,
606 459 660 498 15
696 456 1015 512 ‘catapulta
1044 456 1250 500 iaculum
1282 457 1404 501 celer
1433 457 1510 501 uel
1542 456 1717 514 sagitta
1751 493 1760 501 .
1779 494 1787 502 .
1809 493 1818 501 .

140 513 359 558 Nouius
398 527 633 570 paceuo:
672 515 750 557 ut’
786 528 823 559 e.
849 530 892 570 q.
920 530 953 559 S.
992 515 1260 572 (Naeuius
1291 516 1358 561 L?
1453 515 1623 560 Pacio
1654 515 1819 560 Junius

140 571 364 616 Pacilio
412 572 487 615 vel
533 572 760 616 Bacillo
807 574 883 618 vel
929 575 1166 618 Racemo
1210 574 1405 618 Bothius
1452 575 1661 619 Faceto
1701 575 1818 619 coni.

140 631 356 675 Hertzius
395 632 431 674 P
440 631 472 674 h
483 644 510 674 a
521 646 540 674 s
552 631 602 674 el
613 645 639 674 o
678 632 753 675 vel
792 633 828 675 P
839 647 868 676 a
876 632 931 675 xi
940 633 983 676 11
994 647 1020 677 0
1061 633 1313 689 aliquando
1353 633 1403 676 in
1439 636 1643 678 mentem
1675 633 1818 679 venit.

142 690 348 735 Paccio
387 690 614 746 Bergkius
735 691 803 735 De
846 691 1055 735 Naeuii
1098 693 1273 736 Paulo
1321 706 1381 736 an
1419 692 1721 750 cogi-tandum
1758 693 1821 736 sit

140 749 332 793 dubitat
363 749 616 793 Grauertus
628 769 638 794 :
677 763 736 793 ne
774 750 810 793 P
821 764 848 793 a
858 765 881 793 c
891 751 948 794 ui
960 765 985 794 ο
1026 751 1215 806 quidem
1251 751 1437 808 longius
1468 751 1605 795 absit.
1643 753 1679 796 P
1690 766 1821 796 acu-

141 824 172 852 u
182 809 199 851 i
209 824 239 852 u
250 824 270 852 s
309 809 345 852 P
355 823 383 852 a
392 808 484 852 ulo
523 810 569 864 x)
630 809 777 852 Poeta
809 809 1042 853 scribendi
1081 810 1235 854 studio
1273 810 1464 854 insanus
1502 810 1679 854 luditur
1688 848 1698 867 ,
1739 810 1820 867 qui

141 868 202 911 ab
236 867 471 912 exoriente
504 867 600 911 sole
634 867 794 910 stilum
824 868 874 911 in
903 868 1080 912 tabulis
1113 868 1256 913 cereis
1289 871 1482 913 exercet.

261 956 358 1000 sole
390 955 560 1000 orescit
592 955 811 1013 (horescit
842 957 888 999 P
921 956 1147 1000 horrescit
1177 958 1273 1013 H),
1309 959 1351 1002 h.
1376 972 1410 1002 e.
1444 958 1646 1001 aurescit
1675 975 1710 1002 ω
1750 957 1820 1002 sol

142 1018 355 1059 coruscat
377 1016 551 1060 Juuius
650 1029 783 1059 cerae
805 1017 967 1072 scripsi
997 1029 1129 1060 cerea
1153 1034 1188 1059 ω
1219 1018 1344 1060 terra
1367 1017 1617 1062 Muellerus
1637 1018 1819 1074 prosod.

142 1076 297 1119 Plaut.
332 1079 416 1118 612
464 1074 627 1118 aethra
671 1075 1002 1131 Quieheratius:
1051 1078 1130 1118 aer
1168 1089 1504 1131 proposueram.
1566 1076 1644 1121 Ad
1688 1089 1820 1119 cerae

141 1136 296 1178 castra
327 1136 382 1190 ef.
421 1134 560 1178 Titiu.
589 1137 674 1177 160
705 1139 747 1178 et
777 1134 913 1178 Attae
942 1149 983 1178 v.
1012 1139 1064 1177 13
1187 1134 1322 1178 cebro
1356 1135 1536 1178 H1LP

827 1287 1133 1335 PAEDIVM

1112 1478 1207 1512 nec
1246 1464 1499 1529 umquam

142 1549 297 1602 Vidit
335 1552 570 1602 rostrum
602 1548 728 1617 (in)
764 1549 1038 1618 tragoedia
1076 1551 1282 1600 tantum
1324 1547 1433 1600 Titi
1468 1547 1820 1617 <theatrum>.

261 1649 441 1693 Nonius
473 1653 574 1706 455,
605 1654 660 1692 14
698 1650 969 1693 ‘rostrum
1006 1648 1206 1692 hominis
1247 1648 1339 1692 dici
1377 1644 1470 1691 non
1509 1648 1675 1692 debere
1713 1663 1820 1692 con-

145 1709 345 1752 suetudo
383 1708 697 1766 praesumpsit
860 1707 1063 1752 nonbis
1102 1707 1295 1752 Pedio:
1334 1708 1444 1751 nec’
1479 1721 1516 1751 e.
1543 1722 1586 1763 q.
1614 1722 1647 1751 s.
1688 1708 1821 1765 (No-

145 1768 272 1811 uius
303 1768 553 1825 Mercerus)

262 1856 364 1900 uidi
394 1858 501 1901 olim
525 1857 749 1913 proposui
840 1855 914 1899 tit'
943 1857 1026 1900 00
1062 1855 1155 1898 dici
1186 1856 1380 1900 Merceri
1408 1869 1486 1899 ms.
1585 1854 1822 1898 theatrum

141 1918 369 1974 supplevit
399 1917 502 1960 Bue
538 1915 664 1960 Ooui.
691 1915 796 1960 Lat.
823 1919 849 1958 3

963 2025 1014 2071 H

146 2155 157 2164 .
197 2111 341 2180 quod
378 2129 462 2163 res
500 2110 585 2162 uis
622 2109 764 2161 hunc
802 2109 1006 2178 priuari
1043 2107 1290 2176 pulchras
1330 2125 1460 2175 quas
1498 2106 1585 2159 uts
1620 2107 1770 2160 solet.

262 2211 443 2255 Nonius
469 2215 568 2266 500,
589 2215 642 2254 16
670 2209 813 2267 ‘priu
826 2211 952 2253 atur
982 2208 1114 2252 illam
1144 2222 1253 2264 rem,
1284 2222 1367 2265 pro
1399 2207 1483 2251 illa
1513 2221 1562 2251 re
1592 2207 1820 2264 priuatur.

145 2270 324 2315 Nouius
359 2269 555 2315 Pedio:
588 2271 730 2325 quod'
759 2283 796 2313 e.
822 2283 864 2324 q.
892 2283 926 2313 s,
959 2267 1184 2325 (Poedio
1215 2268 1300 2324 Ba)

266 2375 292 2404 0
324 2359 459 2403 initio
482 2360 587 2403 add.
608 2373 642 2403 ω
731 2358 856 2413 quod
886 2359 926 2401 h.
952 2371 986 2402 e.
1013 2358 1139 2412 quot,
1170 2361 1222 2400 ut
1252 2370 1334 2400 ser.
1361 2356 1614 2411 Stephanus
1644 2368 1735 2410 quo
1767 2356 1820 2398 tu

145 2419 343 2521 ἒοέὴίτιὸ
373 2417 602 2522 Ξίἓὲἑειιὲ
631 2418 858 2474 Berylcius
893 2416 1079 2471 quando
1111 2416 1213 2458 Bue
1331 2415 1452 2458 hanc
1484 2415 1548 2459 W
1661 2416 1715 2457 ut
1744 2415 1823 2459 Ba

948 2584 1024 2631 III

149 2670 451 2740 Supparum
507 2673 702 2739 purtim
755 2669 1089 2721 Melitensem
1142 2668 1389 2737 linteum,
1442 2667 1597 2736 <em>
1651 2668 1822 2719 escam
1857 2682 1914 2722 70

1380 2774 1580 2808 meram

265 2859 445 2903 Nonius
482 2864 581 2915 540,
616 2863 668 2902 11
713 2859 1034 2914 ‘supparum
1073 2859 1144 2900 est
1180 2856 1377 2901 linteum
1415 2855 1637 2900 femorale
1675 2870 1820 2912 usque

150 2919 212 2961 ad.
249 2918 372 2962 talos
411 2918 640 2974 pendens,
681 2917 857 2960 dictum
888 2916 1014 2971 quod.
1053 2917 1215 2959 subtus
1248 2918 1485 2973 appareat.
1547 2915 1741 2959 Plautus
1772 2915 1836 2959 in1

238 3001 261 3034 S
265 3011 369 3033 ccccc
393 3009 493 3040 poes.
518 3001 626 3034 Rom.
649 3001 782 3041 fragm.
806 2999 862 3031 ed.
886 2999 1080 3031 Rmnncx.
1115 2999 1168 3031 ΙΙ.
1502 2994 1555 3032 21
