<?xml version="1.0" encoding="UTF-8"?>
<!DOCTYPE html PUBLIC "-//W3C//DTD XHTML 1.0 Transitional//EN"
    "http://www.w3.org/TR/xhtml1/DTD/xhtml1-transitional.dtd">
<html xmlns="http://www.w3.org/1999/xhtml" xml:lang="en" lang="en">
 <head>
  <title>
</title>
<meta http-equiv="Content-Type" content="text/html;charset=utf-8" />
  <meta name='ocr-system' content='tesseract 3.04.00' />
  <meta name='ocr-capabilities' content='ocr_page ocr_carea ocr_par ocr_line ocrx_word'/>
</head>
<body>
  <div class='ocr_page' id='page_1' title='image "./scaenicaeromanor02ribbuoft_0272.png"; bbox 0 0 2060 3140; ppageno 0'>
   <div class='ocr_carea' id='block_1_1' title="bbox 250 150 1277 207">
    <p class='ocr_par' dir='ltr' id='par_1_1' title="bbox 250 150 1277 207">
     <span class='ocr_line' id='line_1_1' title="bbox 250 150 1277 207; baseline -0.013 0"><span class='ocrx_word' id='word_1_1' title='bbox 250 154 359 207; x_wconf 89' lang='grc'><strong>260</strong></span> <span class='ocrx_word' id='word_1_2' title='bbox 894 151 945 196; x_wconf 89' lang='lat' dir='ltr'><strong>L.</strong></span> <span class='ocrx_word' id='word_1_3' title='bbox 973 150 1277 195; x_wconf 76' lang='lat' dir='ltr'><strong>AFRAmvs</strong></span> 
     </span>
    </p>
   </div>
   <div class='ocr_carea' id='block_1_2' title="bbox 249 281 1925 632">
    <p class='ocr_par' dir='ltr' id='par_1_2' title="bbox 249 281 1925 632">
     <span class='ocr_line' id='line_1_2' title="bbox 370 281 1923 339; baseline -0.002 -10"><span class='ocrx_word' id='word_1_4' title='bbox 370 285 527 330; x_wconf 89' lang='lat' dir='ltr'><strong>Cicero</strong></span> <span class='ocrx_word' id='word_1_5' title='bbox 559 284 692 328; x_wconf 84' lang='lat' dir='ltr'><strong>Tuse.</strong></span> <span class='ocrx_word' id='word_1_6' title='bbox 726 283 843 339; x_wconf 83' lang='lat' dir='ltr'><strong>disp.</strong></span> <span class='ocrx_word' id='word_1_7' title='bbox 875 283 939 327; x_wconf 90' lang='lat' dir='ltr'><strong>IV</strong></span> <span class='ocrx_word' id='word_1_8' title='bbox 971 288 1040 338; x_wconf 89' lang='grc'><strong>20,</strong></span> <span class='ocrx_word' id='word_1_9' title='bbox 1065 287 1121 326; x_wconf 84' lang='lat'><strong>45</strong></span> <span class='ocrx_word' id='word_1_10' title='bbox 1157 281 1436 339; x_wconf 86' lang='lat' dir='ltr'><strong>‘impunitas</strong></span> <span class='ocrx_word' id='word_1_11' title='bbox 1468 281 1593 326; x_wconf 89' lang='lat' dir='ltr'><strong>enim</strong></span> <span class='ocrx_word' id='word_1_12' title='bbox 1625 285 1923 339; x_wconf 86' lang='lat' dir='ltr'><strong>peccatorum</strong></span> 
     </span>
     <span class='ocr_line' id='line_1_3' title="bbox 251 340 1922 399; baseline -0.002 -10"><span class='ocrx_word' id='word_1_13' title='bbox 251 346 364 389; x_wconf 86' lang='lat' dir='ltr'><strong>data</strong></span> <span class='ocrx_word' id='word_1_14' title='bbox 410 344 597 388; x_wconf 88' lang='lat' dir='ltr'><strong>uidetur</strong></span> <span class='ocrx_word' id='word_1_15' title='bbox 642 342 730 399; x_wconf 84' lang='lat' dir='ltr'><strong>eis,</strong></span> <span class='ocrx_word' id='word_1_16' title='bbox 779 341 860 397; x_wconf 91' lang='lat' dir='ltr'><strong>qui</strong></span> <span class='ocrx_word' id='word_1_17' title='bbox 905 340 1211 398; x_wconf 84' lang='lat' dir='ltr'><strong>ignominiam</strong></span> <span class='ocrx_word' id='word_1_18' title='bbox 1251 341 1298 385; x_wconf 82' lang='lat' dir='ltr'><strong>e&#39;t</strong></span> <span class='ocrx_word' id='word_1_19' title='bbox 1342 340 1586 385; x_wconf 80' lang='lat' dir='ltr'><strong>infamiam</strong></span> <span class='ocrx_word' id='word_1_20' title='bbox 1626 341 1782 386; x_wconf 89' lang='lat' dir='ltr'><strong>ferunt</strong></span> <span class='ocrx_word' id='word_1_21' title='bbox 1823 341 1922 386; x_wconf 83' lang='lat' dir='ltr'><strong>sine</strong></span> 
     </span>
     <span class='ocr_line' id='line_1_4' title="bbox 251 399 1923 455; baseline -0.002 -7"><span class='ocrx_word' id='word_1_22' title='bbox 251 404 430 448; x_wconf 89' lang='lat' dir='ltr'><strong>dolore:</strong></span> <span class='ocrx_word' id='word_1_23' title='bbox 479 401 679 446; x_wconf 88' lang='lat' dir='ltr'><strong>morderi</strong></span> <span class='ocrx_word' id='word_1_24' title='bbox 719 402 791 444; x_wconf 83' lang='lat' dir='ltr'><strong>est</strong></span> <span class='ocrx_word' id='word_1_25' title='bbox 831 400 998 444; x_wconf 83' lang='lat' dir='ltr'><strong>melius</strong></span> <span class='ocrx_word' id='word_1_26' title='bbox 1046 399 1344 444; x_wconf 82' lang='lat' dir='ltr'><strong>conscientia.</strong></span> <span class='ocrx_word' id='word_1_27' title='bbox 1407 413 1463 443; x_wconf 86' lang='lat' dir='ltr'><strong>ex</strong></span> <span class='ocrx_word' id='word_1_28' title='bbox 1501 414 1592 455; x_wconf 92' lang='lat' dir='ltr'><strong>quo</strong></span> <span class='ocrx_word' id='word_1_29' title='bbox 1632 403 1703 444; x_wconf 85' lang='lat' dir='ltr'><strong>est</strong></span> <span class='ocrx_word' id='word_1_30' title='bbox 1740 400 1860 444; x_wconf 91' lang='lat' dir='ltr'><strong>illud</strong></span> <span class='ocrx_word' id='word_1_31' title='bbox 1899 415 1923 444; x_wconf 90' lang='lat' dir='ltr'><strong>e</strong></span> 
     </span>
     <span class='ocr_line' id='line_1_5' title="bbox 249 458 1924 506; baseline -0.002 0"><span class='ocrx_word' id='word_1_32' title='bbox 249 463 352 506; x_wconf 88' lang='lat' dir='ltr'><strong>uita</strong></span> <span class='ocrx_word' id='word_1_33' title='bbox 383 463 574 505; x_wconf 88' lang='lat' dir='ltr'><strong>ductum</strong></span> <span class='ocrx_word' id='word_1_34' title='bbox 613 460 671 503; x_wconf 89' lang='lat' dir='ltr'><strong>ab</strong></span> <span class='ocrx_word' id='word_1_35' title='bbox 703 459 917 504; x_wconf 87' lang='lat' dir='ltr'><strong>Afranio:</strong></span> <span class='ocrx_word' id='word_1_36' title='bbox 957 472 1068 502; x_wconf 88' lang='lat' dir='ltr'><strong>nam</strong></span> <span class='ocrx_word' id='word_1_37' title='bbox 1105 473 1211 502; x_wconf 88' lang='lat' dir='ltr'><strong>cum</strong></span> <span class='ocrx_word' id='word_1_38' title='bbox 1249 458 1569 502; x_wconf 80' lang='lat' dir='ltr'><strong>dissolutus</strong></span> <span class='ocrx_word' id='word_1_39' title='bbox 1607 459 1793 506; x_wconf 71' lang='lat' dir='ltr'><strong>filiusz</strong></span> <span class='ocrx_word' id='word_1_40' title='bbox 1832 461 1924 504; x_wconf 91' lang='lat' dir='ltr'><strong>heu</strong></span> 
     </span>
     <span class='ocr_line' id='line_1_6' title="bbox 249 517 1925 575; baseline -0.001 -10"><span class='ocrx_word' id='word_1_41' title='bbox 249 537 308 565; x_wconf 88' lang='lat' dir='ltr'><strong>m.</strong></span> <span class='ocrx_word' id='word_1_42' title='bbox 342 537 401 565; x_wconf 91' lang='lat' dir='ltr'><strong>m.</strong></span> <span class='ocrx_word' id='word_1_43' title='bbox 435 523 535 564; x_wconf 89' lang='lat' dir='ltr'><strong>tum</strong></span> <span class='ocrx_word' id='word_1_44' title='bbox 573 532 802 562; x_wconf 83' lang='lat' dir='ltr'><strong>seuerus</strong></span> <span class='ocrx_word' id='word_1_45' title='bbox 842 520 1026 575; x_wconf 87' lang='lat' dir='ltr'><strong>pater:</strong></span> <span class='ocrx_word' id='word_1_46' title='bbox 1065 517 1192 560; x_wconf 90' lang='lat' dir='ltr'><strong>dum’</strong></span> <span class='ocrx_word' id='word_1_47' title='bbox 1229 531 1268 562; x_wconf 91' lang='lat' dir='ltr'><strong>e.</strong></span> <span class='ocrx_word' id='word_1_48' title='bbox 1293 532 1336 573; x_wconf 88' lang='lat' dir='ltr'><strong>q.</strong></span> <span class='ocrx_word' id='word_1_49' title='bbox 1363 532 1398 561; x_wconf 77' lang='lat' dir='ltr'><strong>s,</strong></span> <span class='ocrx_word' id='word_1_50' title='bbox 1458 517 1640 562; x_wconf 85' lang='lat' dir='ltr'><strong>Ibidem</strong></span> <span class='ocrx_word' id='word_1_51' title='bbox 1670 525 1740 575; x_wconf 82' lang='grc'><strong>25,</strong></span> <span class='ocrx_word' id='word_1_52' title='bbox 1766 523 1821 563; x_wconf 83' lang='grc'><strong>55</strong></span> <span class='ocrx_word' id='word_1_53' title='bbox 1855 520 1925 563; x_wconf 82' lang='lat' dir='ltr'><strong>‘at</strong></span> 
     </span>
     <span class='ocr_line' id='line_1_7' title="bbox 251 575 1923 632; baseline -0.001 -8"><span class='ocrx_word' id='word_1_54' title='bbox 251 579 489 624; x_wconf 87' lang='lat' dir='ltr'><strong>commode</strong></span> <span class='ocrx_word' id='word_1_55' title='bbox 521 577 642 621; x_wconf 80' lang='lat' dir='ltr'><strong>dixit</strong></span> <span class='ocrx_word' id='word_1_56' title='bbox 670 576 913 622; x_wconf 81' lang='lat' dir='ltr'><strong>Afranius:</strong></span> <span class='ocrx_word' id='word_1_57' title='bbox 954 577 1081 620; x_wconf 90' lang='lat' dir='ltr'><strong>dum’</strong></span> <span class='ocrx_word' id='word_1_58' title='bbox 1117 590 1155 620; x_wconf 92' lang='lat' dir='ltr'><strong>e.</strong></span> <span class='ocrx_word' id='word_1_59' title='bbox 1181 591 1223 632; x_wconf 91' lang='lat' dir='ltr'><strong>q.</strong></span> <span class='ocrx_word' id='word_1_60' title='bbox 1251 591 1286 620; x_wconf 82' lang='lat' dir='ltr'><strong>s.</strong></span> <span class='ocrx_word' id='word_1_61' title='bbox 1350 575 1489 620; x_wconf 79' lang='lat' dir='ltr'><strong>‘dixit</strong></span> <span class='ocrx_word' id='word_1_62' title='bbox 1521 575 1645 621; x_wconf 89' lang='lat' dir='ltr'><strong>enim</strong></span> <span class='ocrx_word' id='word_1_63' title='bbox 1675 578 1733 621; x_wconf 89' lang='lat' dir='ltr'><strong>de</strong></span> <span class='ocrx_word' id='word_1_64' title='bbox 1765 578 1923 622; x_wconf 90' lang='lat' dir='ltr'><strong>adule-</strong></span> 
     </span>
    </p>
   </div>
   <div class='ocr_carea' id='block_1_3' title="bbox 251 634 1923 751">
    <p class='ocr_par' dir='ltr' id='par_1_3' title="bbox 251 634 1923 751">
     <span class='ocr_line' id='line_1_8' title="bbox 251 634 1923 694; baseline -0.001 -12"><span class='ocrx_word' id='word_1_65' title='bbox 251 640 407 682; x_wconf 86' lang='lat' dir='ltr'><strong>scente</strong></span> <span class='ocrx_word' id='word_1_66' title='bbox 452 636 634 694; x_wconf 90' lang='lat' dir='ltr'><strong>perdito</strong></span> <span class='ocrx_word' id='word_1_67' title='bbox 683 650 737 680; x_wconf 88' lang='lat' dir='ltr'><strong>ac</strong></span> <span class='ocrx_word' id='word_1_68' title='bbox 781 635 1043 680; x_wconf 55' lang='lat' dir='ltr'><strong>dissoluto?</strong></span> <span class='ocrx_word' id='word_1_69' title='bbox 1107 635 1236 679; x_wconf 83' lang='lat' dir='ltr'><strong>Idem</strong></span> <span class='ocrx_word' id='word_1_70' title='bbox 1274 634 1409 692; x_wconf 84' lang='lat' dir='ltr'><strong>epist.</strong></span> <span class='ocrx_word' id='word_1_71' title='bbox 1443 635 1504 679; x_wconf 87' lang='lat' dir='ltr'><strong>ad</strong></span> <span class='ocrx_word' id='word_1_72' title='bbox 1541 636 1638 680; x_wconf 90' lang='lat' dir='ltr'><strong>Att.</strong></span> <span class='ocrx_word' id='word_1_73' title='bbox 1671 636 1777 681; x_wconf 90' lang='lat' dir='ltr'><strong>XVI</strong></span> <span class='ocrx_word' id='word_1_74' title='bbox 1815 643 1863 694; x_wconf 92' lang='grc'><strong>2,</strong></span> <span class='ocrx_word' id='word_1_75' title='bbox 1897 643 1923 681; x_wconf 85' lang='grc'>3</span> 
     </span>
     <span class='ocr_line' id='line_1_9' title="bbox 253 694 1821 751; baseline 0 -11"><span class='ocrx_word' id='word_1_76' title='bbox 253 698 352 745; x_wconf 83' lang='lat' dir='ltr'><strong>‘sed</strong></span> <span class='ocrx_word' id='word_1_77' title='bbox 383 699 542 740; x_wconf 88' lang='lat' dir='ltr'><strong>tamen</strong></span> <span class='ocrx_word' id='word_1_78' title='bbox 573 695 683 738; x_wconf 90' lang='lat' dir='ltr'><strong>dum</strong></span> <span class='ocrx_word' id='word_1_79' title='bbox 712 695 851 739; x_wconf 92' lang='lat' dir='ltr'><strong>modo</strong></span> <span class='ocrx_word' id='word_1_80' title='bbox 884 694 1076 739; x_wconf 78' lang='lat' dir='ltr'>doleant</span> <span class='ocrx_word' id='word_1_81' title='bbox 1107 694 1301 751; x_wconf 89' lang='lat' dir='ltr'><strong>aliquid,</strong></span> <span class='ocrx_word' id='word_1_82' title='bbox 1334 694 1526 739; x_wconf 88' lang='lat' dir='ltr'><strong>doleant</strong></span> <span class='ocrx_word' id='word_1_83' title='bbox 1558 694 1821 751; x_wconf 59' lang='lat' dir='ltr'><strong>quidlibet?</strong></span> 
     </span>
    </p>
   </div>
   <div class='ocr_carea' id='block_1_4' title="bbox 376 784 1311 842">
    <p class='ocr_par' dir='ltr' id='par_1_4' title="bbox 376 784 1311 842">
     <span class='ocr_line' id='line_1_10' title="bbox 376 784 1311 842; baseline -0.002 -13"><span class='ocrx_word' id='word_1_84' title='bbox 376 786 473 830; x_wconf 71' lang='lat' dir='ltr'><strong>Vno</strong></span> <span class='ocrx_word' id='word_1_85' title='bbox 502 798 634 829; x_wconf 78' lang='lat' dir='ltr'><strong>versu</strong></span> <span class='ocrx_word' id='word_1_86' title='bbox 663 785 880 842; x_wconf 61' lang='lat' dir='ltr'><strong>coniungi</strong></span> <span class='ocrx_word' id='word_1_87' title='bbox 909 785 1045 829; x_wconf 75' lang='lat' dir='ltr'><strong>iussit</strong></span> <span class='ocrx_word' id='word_1_88' title='bbox 1074 784 1311 828; x_wconf 72' lang='lat' dir='ltr'><strong>Bentleius</strong></span> 
     </span>
    </p>
   </div>
   <div class='ocr_carea' id='block_1_5' title="bbox 158 909 1773 1121">
    <p class='ocr_par' dir='ltr' id='par_1_5' title="bbox 158 909 1773 1121">
     <span class='ocr_line' id='line_1_11' title="bbox 1047 909 1119 956; baseline 0.014 -1"><span class='ocrx_word' id='word_1_89' title='bbox 1047 909 1119 956; x_wconf 93' lang='lat' dir='ltr'><strong>VI</strong></span> 
     </span>
     <span class='ocr_line' id='line_1_12' title="bbox 158 978 1575 1033; baseline -0.002 0"><span class='ocrx_word' id='word_1_90' title='bbox 158 994 246 1033; x_wconf 81' lang='lat'><strong>410</strong></span> <span class='ocrx_word' id='word_1_91' title='bbox 1197 981 1358 1030; x_wconf 85' lang='lat' dir='ltr'><strong>tanne</strong></span> <span class='ocrx_word' id='word_1_92' title='bbox 1397 978 1575 1030; x_wconf 75' lang='lat' dir='ltr'><strong>arcula</strong></span> 
     </span>
     <span class='ocr_line' id='line_1_13' title="bbox 249 1052 1773 1121; baseline 0 -17"><span class='ocrx_word' id='word_1_93' title='bbox 249 1052 363 1104; x_wconf 76' lang='lat' dir='ltr'><strong>Tua</strong></span> <span class='ocrx_word' id='word_1_94' title='bbox 400 1052 557 1121; x_wconf 88' lang='lat' dir='ltr'><strong>plena</strong></span> <span class='ocrx_word' id='word_1_95' title='bbox 596 1054 676 1104; x_wconf 86' lang='lat' dir='ltr'><strong>est</strong></span> <span class='ocrx_word' id='word_1_96' title='bbox 714 1052 1062 1104; x_wconf 73' lang='lat' dir='ltr'><strong>aranearum?</strong></span> <span class='ocrx_word' id='word_1_97' title='bbox 1736 1070 1773 1095; x_wconf 61' lang='grc' dir='ltr'><strong>’ν</strong></span> 
     </span>
    </p>
   </div>
   <div class='ocr_carea' id='block_1_6' title="bbox 247 1152 1927 1375">
    <p class='ocr_par' dir='ltr' id='par_1_6' title="bbox 247 1152 1927 1375">
     <span class='ocr_line' id='line_1_14' title="bbox 365 1152 1927 1209; baseline 0 -13"><span class='ocrx_word' id='word_1_98' title='bbox 365 1153 531 1196; x_wconf 84' lang='lat' dir='ltr'><strong>Festus</strong></span> <span class='ocrx_word' id='word_1_99' title='bbox 567 1167 612 1209; x_wconf 88' lang='lat' dir='ltr'><strong>p.</strong></span> <span class='ocrx_word' id='word_1_100' title='bbox 647 1156 733 1196; x_wconf 85' lang='lat'><strong>359</strong></span> <span class='ocrx_word' id='word_1_101' title='bbox 772 1152 834 1197; x_wconf 91' lang='lat' dir='ltr'><strong>M.</strong></span> <span class='ocrx_word' id='word_1_102' title='bbox 878 1153 1074 1195; x_wconf 80' lang='lat' dir='ltr'><strong>‘tanne</strong></span> <span class='ocrx_word' id='word_1_103' title='bbox 1122 1166 1175 1195; x_wconf 89' lang='lat' dir='ltr'><strong>eo</strong></span> <span class='ocrx_word' id='word_1_104' title='bbox 1215 1166 1383 1208; x_wconf 79' lang='lat' dir='ltr'><strong>usque,</strong></span> <span class='ocrx_word' id='word_1_105' title='bbox 1430 1154 1484 1195; x_wconf 92' lang='lat' dir='ltr'><strong>ut</strong></span> <span class='ocrx_word' id='word_1_106' title='bbox 1521 1152 1682 1197; x_wconf 85' lang='lat' dir='ltr'><strong>Aelius</strong></span> <span class='ocrx_word' id='word_1_107' title='bbox 1723 1152 1840 1196; x_wconf 85' lang='lat' dir='ltr'><strong>Stilo</strong></span> <span class='ocrx_word' id='word_1_108' title='bbox 1880 1155 1927 1196; x_wconf 91' lang='lat' dir='ltr'><strong>et</strong></span> 
     </span>
     <span class='ocr_line' id='line_1_15' title="bbox 247 1210 1926 1268; baseline 0 -12"><span class='ocrx_word' id='word_1_109' title='bbox 247 1211 431 1268; x_wconf 89' lang='lat' dir='ltr'><strong>Opilius</strong></span> <span class='ocrx_word' id='word_1_110' title='bbox 455 1210 670 1255; x_wconf 81' lang='lat' dir='ltr'><strong>Aurelius</strong></span> <span class='ocrx_word' id='word_1_111' title='bbox 701 1210 1082 1267; x_wconf 72' lang='lat' dir='ltr'><strong>interpretantur.</strong></span> <span class='ocrx_word' id='word_1_112' title='bbox 1129 1211 1293 1266; x_wconf 86' lang='lat' dir='ltr'><strong>Itaque</strong></span> <span class='ocrx_word' id='word_1_113' title='bbox 1317 1210 1557 1256; x_wconf 83' lang='lat' dir='ltr'><strong>Afranius:</strong></span> <span class='ocrx_word' id='word_1_114' title='bbox 1588 1212 1748 1255; x_wconf 89' lang='lat' dir='ltr'><strong>tanne’</strong></span> <span class='ocrx_word' id='word_1_115' title='bbox 1773 1225 1810 1255; x_wconf 89' lang='lat' dir='ltr'><strong>e.</strong></span> <span class='ocrx_word' id='word_1_116' title='bbox 1830 1226 1872 1267; x_wconf 91' lang='lat' dir='ltr'><strong>q.</strong></span> <span class='ocrx_word' id='word_1_117' title='bbox 1892 1226 1926 1257; x_wconf 80' lang='lat' dir='ltr'><strong>s,</strong></span> 
     </span>
     <span class='ocr_line' id='line_1_16' title="bbox 249 1269 1925 1375; baseline 0 -61"><span class='ocrx_word' id='word_1_118' title='bbox 249 1270 435 1375; x_wconf 42' lang='lat' dir='ltr'><strong>lgiaubuast</strong></span> <span class='ocrx_word' id='word_1_119' title='bbox 436 1286 505 1372; x_wconf 54' lang='lat' dir='ltr'><strong>uph</strong></span> <span class='ocrx_word' id='word_1_120' title='bbox 506 1274 617 1372; x_wconf 54' lang='grc'><strong>138581</strong></span> <span class='ocrx_word' id='word_1_121' title='bbox 624 1271 716 1374; x_wconf 85' lang='lat' dir='ltr'><strong>3M.8</strong></span> <span class='ocrx_word' id='word_1_122' title='bbox 737 1271 934 1314; x_wconf 84' lang='lat' dir='ltr'><strong>‘tanne</strong></span> <span class='ocrx_word' id='word_1_123' title='bbox 973 1283 1028 1314; x_wconf 92' lang='lat' dir='ltr'><strong>eo</strong></span> <span class='ocrx_word' id='word_1_124' title='bbox 1067 1283 1227 1326; x_wconf 82' lang='lat' dir='ltr'><strong>usque.</strong></span> <span class='ocrx_word' id='word_1_125' title='bbox 1289 1269 1531 1316; x_wconf 81' lang='lat' dir='ltr'><strong>Afranius:</strong></span> <span class='ocrx_word' id='word_1_126' title='bbox 1562 1271 1723 1315; x_wconf 88' lang='lat' dir='ltr'><strong>tanne’</strong></span> <span class='ocrx_word' id='word_1_127' title='bbox 1759 1284 1798 1314; x_wconf 90' lang='lat' dir='ltr'><strong>e.</strong></span> <span class='ocrx_word' id='word_1_128' title='bbox 1822 1285 1864 1326; x_wconf 88' lang='lat' dir='ltr'><strong>q.</strong></span> <span class='ocrx_word' id='word_1_129' title='bbox 1892 1285 1925 1314; x_wconf 83' lang='lat' dir='ltr'><strong>S.</strong></span> 
     </span>
    </p>
   </div>
   <div class='ocr_carea' id='block_1_7' title="bbox 1039 1410 1613 1547">
    <p class='ocr_par' dir='ltr' id='par_1_7' title="bbox 1039 1410 1613 1547">
     <span class='ocr_line' id='line_1_17' title="bbox 1039 1410 1138 1457; baseline 0 0"><span class='ocrx_word' id='word_1_130' title='bbox 1039 1410 1138 1457; x_wconf 87' lang='lat' dir='ltr'><strong>VII</strong></span> 
     </span>
     <span class='ocr_line' id='line_1_18' title="bbox 1144 1479 1613 1547; baseline 0.002 -16"><span class='ocrx_word' id='word_1_131' title='bbox 1144 1479 1344 1547; x_wconf 86' lang='lat' dir='ltr'><strong>pallam</strong></span> <span class='ocrx_word' id='word_1_132' title='bbox 1381 1479 1465 1532; x_wconf 72' lang='lat' dir='ltr'><strong>fae</strong></span> <span class='ocrx_word' id='word_1_133' title='bbox 1504 1480 1613 1532; x_wconf 83' lang='lat' dir='ltr'><strong>cito</strong></span> 
     </span>
    </p>
   </div>
   <div class='ocr_carea' id='block_1_8' title="bbox 248 1554 1930 1709">
    <p class='ocr_par' dir='ltr' id='par_1_8' title="bbox 248 1554 1930 1709">
     <span class='ocr_line' id='line_1_19' title="bbox 248 1554 1930 1638; baseline -0.001 -17"><span class='ocrx_word' id='word_1_134' title='bbox 248 1568 330 1621; x_wconf 76' lang='lat' dir='ltr'><strong>De</strong></span> <span class='ocrx_word' id='word_1_135' title='bbox 379 1586 561 1621; x_wconf 84' lang='lat' dir='ltr'><strong>mensa</strong></span> <span class='ocrx_word' id='word_1_136' title='bbox 611 1570 664 1620; x_wconf 89' lang='lat' dir='ltr'><strong>et</strong></span> <span class='ocrx_word' id='word_1_137' title='bbox 718 1554 992 1638; x_wconf 68' lang='lat' dir='ltr'><strong>plagulam</strong></span> <span class='ocrx_word' id='word_1_138' title='bbox 1039 1567 1103 1620; x_wconf 87' lang='lat' dir='ltr'><strong>de</strong></span> <span class='ocrx_word' id='word_1_139' title='bbox 1147 1566 1286 1621; x_wconf 86' lang='lat' dir='ltr'><strong>lecto</strong></span> <span class='ocrx_word' id='word_1_140' title='bbox 1333 1568 1457 1638; x_wconf 83' lang='lat' dir='ltr'><strong>&lt;et&gt;</strong></span> <span class='ocrx_word' id='word_1_141' title='bbox 1501 1567 1657 1637; x_wconf 74' lang='lat' dir='ltr'><strong>pellis</strong></span> <span class='ocrx_word' id='word_1_142' title='bbox 1712 1567 1930 1621; x_wconf 85' lang='lat' dir='ltr'><strong>demitte</strong></span> 
     </span>
     <span class='ocr_line' id='line_1_20' title="bbox 1488 1657 1686 1709; baseline 0 0"><span class='ocrx_word' id='word_1_143' title='bbox 1488 1657 1686 1709; x_wconf 76' lang='lat' dir='ltr'><strong>ordine.</strong></span> 
     </span>
    </p>
   </div>
   <div class='ocr_carea' id='block_1_9' title="bbox 251 1757 1929 1873">
    <p class='ocr_par' dir='ltr' id='par_1_9' title="bbox 251 1757 1929 1873">
     <span class='ocr_line' id='line_1_21' title="bbox 368 1757 1929 1815; baseline -0.001 -13"><span class='ocrx_word' id='word_1_144' title='bbox 368 1757 548 1802; x_wconf 88' lang='lat' dir='ltr'><strong>Nonius</strong></span> <span class='ocrx_word' id='word_1_145' title='bbox 585 1761 686 1813; x_wconf 88' lang='grc'><strong>378,</strong></span> <span class='ocrx_word' id='word_1_146' title='bbox 720 1762 775 1801; x_wconf 91' lang='grc'><strong>10</strong></span> <span class='ocrx_word' id='word_1_147' title='bbox 817 1757 1015 1815; x_wconf 82' lang='lat' dir='ltr'><strong>‘plaga</strong></span> <span class='ocrx_word' id='word_1_148' title='bbox 1053 1757 1308 1814; x_wconf 87' lang='lat' dir='ltr'><strong>aliquando</strong></span> <span class='ocrx_word' id='word_1_149' title='bbox 1347 1772 1455 1815; x_wconf 83' lang='lat' dir='ltr'><strong>pars</strong></span> <span class='ocrx_word' id='word_1_150' title='bbox 1494 1757 1627 1815; x_wconf 89' lang='lat' dir='ltr'><strong>lecti,</strong></span> <span class='ocrx_word' id='word_1_151' title='bbox 1677 1757 1929 1814; x_wconf 82' lang='lat' dir='ltr'><strong>aliquan-do</strong></span> 
     </span>
     <span class='ocr_line' id='line_1_22' title="bbox 251 1815 1196 1873; baseline 0 -11"><span class='ocrx_word' id='word_1_152' title='bbox 251 1817 399 1862; x_wconf 83' lang='lat' dir='ltr'><strong>omnis</strong></span> <span class='ocrx_word' id='word_1_153' title='bbox 434 1854 442 1862; x_wconf 97' lang='lat'><strong>.</strong></span> <span class='ocrx_word' id='word_1_154' title='bbox 471 1854 480 1862; x_wconf 94' lang='lat'><strong>.</strong></span> <span class='ocrx_word' id='word_1_155' title='bbox 508 1853 517 1862; x_wconf 92' lang='lat'><strong>.</strong></span> <span class='ocrx_word' id='word_1_156' title='bbox 550 1815 792 1861; x_wconf 79' lang='lat' dir='ltr'><strong>Afranius:</strong></span> <span class='ocrx_word' id='word_1_157' title='bbox 823 1816 1000 1873; x_wconf 88' lang='lat' dir='ltr'><strong>palam’</strong></span> <span class='ocrx_word' id='word_1_158' title='bbox 1029 1830 1065 1861; x_wconf 93' lang='lat' dir='ltr'><strong>e.</strong></span> <span class='ocrx_word' id='word_1_159' title='bbox 1092 1832 1135 1873; x_wconf 93' lang='lat' dir='ltr'><strong>q.</strong></span> <span class='ocrx_word' id='word_1_160' title='bbox 1162 1832 1196 1862; x_wconf 85' lang='lat' dir='ltr'><strong>S.</strong></span> 
     </span>
    </p>
   </div>
   <div class='ocr_carea' id='block_1_10' title="bbox 370 1904 2023 1962">
    <p class='ocr_par' dir='ltr' id='par_1_10' title="bbox 370 1904 2023 1962">
     <span class='ocr_line' id='line_1_23' title="bbox 370 1904 2023 1962; baseline -0.001 -12"><span class='ocrx_word' id='word_1_161' title='bbox 370 1911 393 1950; x_wconf 89' lang='lat'>1</span> <span class='ocrx_word' id='word_1_162' title='bbox 433 1905 611 1962; x_wconf 88' lang='lat' dir='ltr'><strong>pallam</strong></span> <span class='ocrx_word' id='word_1_163' title='bbox 654 1905 910 1950; x_wconf 77' lang='lat' dir='ltr'><strong>Palmerius</strong></span> <span class='ocrx_word' id='word_1_164' title='bbox 952 1905 1112 1962; x_wconf 86' lang='lat' dir='ltr'><strong>palam</strong></span> <span class='ocrx_word' id='word_1_165' title='bbox 1153 1923 1189 1949; x_wconf 88' lang='grc' dir='ltr'><strong>ω</strong></span> <span class='ocrx_word' id='word_1_166' title='bbox 1366 1905 1442 1949; x_wconf 86' lang='lat' dir='ltr'><strong>fac</strong></span> <span class='ocrx_word' id='word_1_167' title='bbox 1485 1905 1579 1950; x_wconf 86' lang='lat' dir='ltr'><strong>cito</strong></span> <span class='ocrx_word' id='word_1_168' title='bbox 1623 1904 1931 1950; x_wconf 78' lang='lat' dir='ltr'><strong>Neukirchius</strong></span> <span class='ocrx_word' id='word_1_169' title='bbox 2021 1932 2023 1934; x_wconf 93' lang='lat'><em>-</em></span> 
     </span>
    </p>
   </div>
   <div class='ocr_carea' id='block_1_11' title="bbox 250 1964 1931 2258">
    <p class='ocr_par' dir='ltr' id='par_1_11' title="bbox 250 1964 1931 2258">
     <span class='ocr_line' id='line_1_24' title="bbox 250 1964 1931 2021; baseline -0.001 -12"><span class='ocrx_word' id='word_1_170' title='bbox 250 1966 376 2009; x_wconf 87' lang='lat' dir='ltr'><strong>facto</strong></span> <span class='ocrx_word' id='word_1_171' title='bbox 408 1982 442 2009; x_wconf 86' lang='grc' dir='ltr'><strong>ω</strong></span> <span class='ocrx_word' id='word_1_172' title='bbox 474 1964 618 2008; x_wconf 86' lang='lat' dir='ltr'><strong>facito</strong></span> <span class='ocrx_word' id='word_1_173' title='bbox 651 1965 847 2008; x_wconf 77' lang='lat' dir='ltr'><strong>Bothius</strong></span> <span class='ocrx_word' id='word_1_174' title='bbox 978 1969 1003 2007; x_wconf 83' lang='lat'><strong>2</strong></span> <span class='ocrx_word' id='word_1_175' title='bbox 1036 1964 1093 2008; x_wconf 89' lang='lat' dir='ltr'><strong>de</strong></span> <span class='ocrx_word' id='word_1_176' title='bbox 1124 1978 1286 2008; x_wconf 86' lang='lat' dir='ltr'><strong>mensa</strong></span> <span class='ocrx_word' id='word_1_177' title='bbox 1315 1966 1480 2021; x_wconf 78' lang='lat' dir='ltr'><strong>scripsi</strong></span> <span class='ocrx_word' id='word_1_178' title='bbox 1511 1965 1675 2009; x_wconf 86' lang='lat' dir='ltr'><strong>demea</strong></span> <span class='ocrx_word' id='word_1_179' title='bbox 1703 1974 1742 2021; x_wconf 83' lang='grc' dir='ltr'><em>ψ</em></span> <span class='ocrx_word' id='word_1_180' title='bbox 1775 1964 1931 2008; x_wconf 88' lang='lat' dir='ltr'><strong>demet</strong></span> 
     </span>
     <span class='ocr_line' id='line_1_25' title="bbox 251 2023 1931 2069; baseline -0.001 0"><span class='ocrx_word' id='word_1_181' title='bbox 251 2025 434 2069; x_wconf 62' lang='grc' dir='ltr'><strong>ΒΘΗ1</strong></span> <span class='ocrx_word' id='word_1_182' title='bbox 465 2023 638 2067; x_wconf 91' lang='lat' dir='ltr'><strong>demito</strong></span> <span class='ocrx_word' id='word_1_183' title='bbox 662 2024 835 2068; x_wconf 81' lang='lat' dir='ltr'><strong>anius</strong></span> <span class='ocrx_word' id='word_1_184' title='bbox 866 2023 997 2067; x_wconf 89' lang='lat' dir='ltr'><strong>deme</strong></span> <span class='ocrx_word' id='word_1_185' title='bbox 1029 2026 1077 2067; x_wconf 89' lang='lat' dir='ltr'><strong>et</strong></span> <span class='ocrx_word' id='word_1_186' title='bbox 1101 2024 1357 2069; x_wconf 79' lang='lat' dir='ltr'><strong>Palmerius</strong></span> <span class='ocrx_word' id='word_1_187' title='bbox 1388 2024 1520 2068; x_wconf 88' lang='lat' dir='ltr'><strong>deme</strong></span> <span class='ocrx_word' id='word_1_188' title='bbox 1547 2036 1701 2068; x_wconf 87' lang='lat' dir='ltr'><strong>meam</strong></span> <span class='ocrx_word' id='word_1_189' title='bbox 1731 2025 1779 2067; x_wconf 89' lang='lat' dir='ltr'><strong>et</strong></span> <span class='ocrx_word' id='word_1_190' title='bbox 1802 2023 1931 2067; x_wconf 82' lang='lat' dir='ltr'><strong>Neu-</strong></span> 
     </span>
     <span class='ocr_line' id='line_1_26' title="bbox 250 2082 1931 2128; baseline -0.001 0"><span class='ocrx_word' id='word_1_191' title='bbox 250 2085 449 2128; x_wconf 77' lang='lat' dir='ltr'><strong>kirchius</strong></span> <span class='ocrx_word' id='word_1_192' title='bbox 487 2083 661 2127; x_wconf 89' lang='lat' dir='ltr'><strong>Demea</strong></span> <span class='ocrx_word' id='word_1_193' title='bbox 699 2083 896 2127; x_wconf 80' lang='lat' dir='ltr'><strong>Bothius</strong></span> <span class='ocrx_word' id='word_1_194' title='bbox 933 2082 1092 2126; x_wconf 87' lang='lat' dir='ltr'><strong>demas</strong></span> <span class='ocrx_word' id='word_1_195' title='bbox 1132 2097 1267 2127; x_wconf 72' lang='lat' dir='ltr'><strong>anon.</strong></span> <span class='ocrx_word' id='word_1_196' title='bbox 1435 2082 1629 2127; x_wconf 88' lang='lat' dir='ltr'><strong>demitte</strong></span> <span class='ocrx_word' id='word_1_197' title='bbox 1670 2084 1931 2127; x_wconf 80' lang='lat' dir='ltr'><strong>Palmerius</strong></span> 
     </span>
     <span class='ocr_line' id='line_1_27' title="bbox 253 2140 1929 2199; baseline -0.001 -13"><span class='ocrx_word' id='word_1_198' title='bbox 253 2142 438 2187; x_wconf 85' lang='lat' dir='ltr'><strong>dimitte</strong></span> <span class='ocrx_word' id='word_1_199' title='bbox 469 2160 504 2186; x_wconf 89' lang='grc' dir='ltr'><em>ω</em></span> <span class='ocrx_word' id='word_1_200' title='bbox 626 2140 787 2186; x_wconf 89' lang='lat' dir='ltr'><strong>ordine</strong></span> <span class='ocrx_word' id='word_1_201' title='bbox 818 2143 883 2186; x_wconf 83' lang='lat' dir='ltr'><strong>ed.</strong></span> <span class='ocrx_word' id='word_1_202' title='bbox 911 2157 984 2198; x_wconf 77' lang='lat' dir='ltr'><strong>pr.</strong></span> <span class='ocrx_word' id='word_1_203' title='bbox 1025 2142 1075 2184; x_wconf 90' lang='lat' dir='ltr'><strong>in</strong></span> <span class='ocrx_word' id='word_1_204' title='bbox 1107 2141 1267 2186; x_wconf 89' lang='lat' dir='ltr'><strong>ordine</strong></span> <span class='ocrx_word' id='word_1_205' title='bbox 1299 2159 1333 2186; x_wconf 89' lang='grc' dir='ltr'><em>ω</em></span> <span class='ocrx_word' id='word_1_206' title='bbox 1455 2144 1503 2186; x_wconf 91' lang='lat' dir='ltr'><strong>et</strong></span> <span class='ocrx_word' id='word_1_207' title='bbox 1531 2141 1777 2199; x_wconf 86' lang='lat' dir='ltr'><strong>plagulam</strong></span> <span class='ocrx_word' id='word_1_208' title='bbox 1807 2141 1929 2185; x_wconf 86' lang='lat' dir='ltr'><strong>lecto</strong></span> 
     </span>
     <span class='ocr_line' id='line_1_28' title="bbox 252 2201 1334 2258; baseline 0.002 -14"><span class='ocrx_word' id='word_1_209' title='bbox 252 2201 389 2258; x_wconf 83' lang='lat' dir='ltr'><strong>pellis</strong></span> <span class='ocrx_word' id='word_1_210' title='bbox 422 2202 465 2247; x_wconf 89' lang='lat' dir='ltr'><strong>d.</strong></span> <span class='ocrx_word' id='word_1_211' title='bbox 499 2215 539 2246; x_wconf 96' lang='lat' dir='ltr'><strong>o.</strong></span> <span class='ocrx_word' id='word_1_212' title='bbox 571 2202 803 2246; x_wconf 72' lang='lat' dir='ltr'><strong>senarium</strong></span> <span class='ocrx_word' id='word_1_213' title='bbox 832 2202 1016 2246; x_wconf 80' lang='lat' dir='ltr'><strong>metitur</strong></span> <span class='ocrx_word' id='word_1_214' title='bbox 1046 2201 1138 2245; x_wconf 79' lang='lat' dir='ltr'><strong>Ed.</strong></span> <span class='ocrx_word' id='word_1_215' title='bbox 1164 2202 1334 2246; x_wconf 82' lang='lat' dir='ltr'><strong>Becker</strong></span> 
     </span>
    </p>
   </div>
   <div class='ocr_carea' id='block_1_12' title="bbox 253 2325 1798 2481">
    <p class='ocr_par' dir='ltr' id='par_1_12' title="bbox 253 2325 1798 2481">
     <span class='ocr_line' id='line_1_29' title="bbox 1030 2325 1154 2373; baseline 0 0"><span class='ocrx_word' id='word_1_216' title='bbox 1030 2325 1154 2373; x_wconf 92' lang='lat' dir='ltr'><strong>VIII</strong></span> 
     </span>
     <span class='ocr_line' id='line_1_30' title="bbox 253 2408 1798 2481; baseline -0.001 -18"><span class='ocrx_word' id='word_1_217' title='bbox 253 2409 478 2463; x_wconf 85' lang='lat' dir='ltr'><strong>&#39;Aceedo</strong></span> <span class='ocrx_word' id='word_1_218' title='bbox 518 2410 585 2462; x_wconf 89' lang='lat' dir='ltr'><strong>ad</strong></span> <span class='ocrx_word' id='word_1_219' title='bbox 621 2413 697 2479; x_wconf 86' lang='lat' dir='ltr'><strong>te,</strong></span> <span class='ocrx_word' id='word_1_220' title='bbox 735 2412 797 2461; x_wconf 92' lang='lat' dir='ltr'><strong>ut</strong></span> <span class='ocrx_word' id='word_1_221' title='bbox 834 2408 938 2461; x_wconf 79' lang='lat' dir='ltr'><strong>tibi</strong></span> <span class='ocrx_word' id='word_1_222' title='bbox 977 2409 1235 2462; x_wconf 83' lang='lat' dir='ltr'><strong>ceruicem</strong></span> <span class='ocrx_word' id='word_1_223' title='bbox 1277 2452 1287 2461; x_wconf 95' lang='lat'><strong>.</strong></span> <span class='ocrx_word' id='word_1_224' title='bbox 1328 2452 1339 2461; x_wconf 90' lang='lat'><strong>.</strong></span> <span class='ocrx_word' id='word_1_225' title='bbox 1377 2410 1579 2481; x_wconf 83' lang='lat' dir='ltr'><strong>fingam</strong></span> <span class='ocrx_word' id='word_1_226' title='bbox 1616 2409 1798 2463; x_wconf 77' lang='lat' dir='ltr'><strong>linteo,</strong></span> 
     </span>
    </p>
   </div>
   <div class='ocr_carea' id='block_1_13' title="bbox 258 2508 1931 2744">
    <p class='ocr_par' dir='ltr' id='par_1_13' title="bbox 258 2508 1931 2744">
     <span class='ocr_line' id='line_1_31' title="bbox 372 2508 1931 2567; baseline 0 -13"><span class='ocrx_word' id='word_1_227' title='bbox 372 2510 576 2555; x_wconf 63' lang='lat' dir='ltr'><strong>&#39;Isidorus</strong></span> <span class='ocrx_word' id='word_1_228' title='bbox 611 2509 735 2567; x_wconf 85' lang='lat' dir='ltr'><strong>Orig.</strong></span> <span class='ocrx_word' id='word_1_229' title='bbox 765 2509 850 2554; x_wconf 92' lang='lat' dir='ltr'><strong>XII</strong></span> <span class='ocrx_word' id='word_1_230' title='bbox 881 2515 921 2564; x_wconf 82' lang='lat'><strong>6,</strong></span> <span class='ocrx_word' id='word_1_231' title='bbox 947 2514 1003 2553; x_wconf 87' lang='grc'><strong>60</strong></span> <span class='ocrx_word' id='word_1_232' title='bbox 1038 2508 1254 2566; x_wconf 79' lang='lat' dir='ltr'><strong>‘spongia</strong></span> <span class='ocrx_word' id='word_1_233' title='bbox 1285 2523 1313 2552; x_wconf 86' lang='lat' dir='ltr'><strong>a</strong></span> <span class='ocrx_word' id='word_1_234' title='bbox 1342 2510 1585 2567; x_wconf 88' lang='lat' dir='ltr'><strong>fingere,</strong></span> <span class='ocrx_word' id='word_1_235' title='bbox 1625 2510 1675 2553; x_wconf 91' lang='lat' dir='ltr'><strong>id</strong></span> <span class='ocrx_word' id='word_1_236' title='bbox 1714 2513 1786 2554; x_wconf 86' lang='lat' dir='ltr'><strong>est</strong></span> <span class='ocrx_word' id='word_1_237' title='bbox 1820 2510 1931 2554; x_wconf 90' lang='lat' dir='ltr'><strong>niti-</strong></span> 
     </span>
     <span class='ocr_line' id='line_1_32' title="bbox 258 2568 1930 2626; baseline 0 -13"><span class='ocrx_word' id='word_1_238' title='bbox 258 2570 368 2613; x_wconf 88' lang='lat' dir='ltr'><strong>dare</strong></span> <span class='ocrx_word' id='word_1_239' title='bbox 401 2572 448 2613; x_wconf 89' lang='lat' dir='ltr'><strong>et</strong></span> <span class='ocrx_word' id='word_1_240' title='bbox 479 2572 730 2626; x_wconf 85' lang='lat' dir='ltr'><strong>extergere,</strong></span> <span class='ocrx_word' id='word_1_241' title='bbox 763 2568 923 2613; x_wconf 61' lang='lat' dir='ltr'><strong>dicta?</strong></span> <span class='ocrx_word' id='word_1_242' title='bbox 973 2568 1242 2626; x_wconf 83' lang='lat' dir='ltr'><strong>(sfingere</strong></span> <span class='ocrx_word' id='word_1_243' title='bbox 1267 2569 1518 2626; x_wconf 84' lang='lat' dir='ltr'><strong>Wolfenb.)</strong></span> <span class='ocrx_word' id='word_1_244' title='bbox 1564 2569 1629 2614; x_wconf 82' lang='lat' dir='ltr'><strong>Cf.</strong></span> <span class='ocrx_word' id='word_1_245' title='bbox 1660 2569 1816 2614; x_wconf 83' lang='lat' dir='ltr'><strong>Cicero</strong></span> <span class='ocrx_word' id='word_1_246' title='bbox 1847 2584 1930 2626; x_wconf 90' lang='lat' dir='ltr'><strong>pro</strong></span> 
     </span>
     <span class='ocr_line' id='line_1_33' title="bbox 259 2627 1931 2686; baseline 0.001 -16"><span class='ocrx_word' id='word_1_247' title='bbox 259 2628 375 2673; x_wconf 85' lang='lat' dir='ltr'><strong>Sest.</strong></span> <span class='ocrx_word' id='word_1_248' title='bbox 401 2633 470 2685; x_wconf 85' lang='lat'><strong>35,</strong></span> <span class='ocrx_word' id='word_1_249' title='bbox 497 2633 551 2672; x_wconf 92' lang='grc'><strong>77</strong></span> <span class='ocrx_word' id='word_1_250' title='bbox 580 2628 694 2673; x_wconf 89' lang='lat' dir='ltr'><strong>Cato</strong></span> <span class='ocrx_word' id='word_1_251' title='bbox 727 2628 785 2672; x_wconf 91' lang='lat' dir='ltr'><strong>de</strong></span> <span class='ocrx_word' id='word_1_252' title='bbox 815 2641 864 2672; x_wconf 93' lang='lat' dir='ltr'><strong>re</strong></span> <span class='ocrx_word' id='word_1_253' title='bbox 895 2643 930 2672; x_wconf 92' lang='lat' dir='ltr'><strong>r.</strong></span> <span class='ocrx_word' id='word_1_254' title='bbox 956 2632 1026 2685; x_wconf 88' lang='grc'><strong>67,</strong></span> <span class='ocrx_word' id='word_1_255' title='bbox 1052 2633 1091 2672; x_wconf 92' lang='grc'><strong>2.</strong></span> <span class='ocrx_word' id='word_1_256' title='bbox 1130 2627 1314 2672; x_wconf 81' lang='lat' dir='ltr'><strong>Servius</strong></span> <span class='ocrx_word' id='word_1_257' title='bbox 1339 2629 1401 2672; x_wconf 88' lang='lat' dir='ltr'><strong>ad</strong></span> <span class='ocrx_word' id='word_1_258' title='bbox 1422 2629 1560 2686; x_wconf 88' lang='lat' dir='ltr'><strong>Verg.</strong></span> <span class='ocrx_word' id='word_1_259' title='bbox 1584 2630 1698 2673; x_wconf 89' lang='lat' dir='ltr'><strong>Aen.</strong></span> <span class='ocrx_word' id='word_1_260' title='bbox 1715 2629 1822 2673; x_wconf 90' lang='lat' dir='ltr'><strong>VIII</strong></span> <span class='ocrx_word' id='word_1_261' title='bbox 1846 2634 1931 2672; x_wconf 80' lang='lat'><strong>634</strong></span> 
     </span>
     <span class='ocr_line' id='line_1_34' title="bbox 262 2686 1507 2744; baseline 0.001 -14"><span class='ocrx_word' id='word_1_262' title='bbox 262 2687 522 2733; x_wconf 80' lang='lat' dir='ltr'><strong>‘Afranius:</strong></span> <span class='ocrx_word' id='word_1_263' title='bbox 554 2687 725 2731; x_wconf 84' lang='lat' dir='ltr'><strong>accedo</strong></span> <span class='ocrx_word' id='word_1_264' title='bbox 861 2686 1022 2742; x_wconf 88' lang='lat' dir='ltr'><strong>linteo,</strong></span> <span class='ocrx_word' id='word_1_265' title='bbox 1054 2687 1103 2730; x_wconf 88' lang='lat' dir='ltr'><strong>id</strong></span> <span class='ocrx_word' id='word_1_266' title='bbox 1135 2689 1206 2730; x_wconf 86' lang='lat' dir='ltr'><strong>est</strong></span> <span class='ocrx_word' id='word_1_267' title='bbox 1237 2689 1507 2744; x_wconf 83' lang='lat' dir='ltr'><strong>extergam.’</strong></span> 
     </span>
    </p>
   </div>
   <div class='ocr_carea' id='block_1_14' title="bbox 259 2776 1934 3005">
    <p class='ocr_par' dir='ltr' id='par_1_14' title="bbox 259 2776 1934 3005">
     <span class='ocr_line' id='line_1_35' title="bbox 377 2776 1931 2843; baseline 0.001 -24"><span class='ocrx_word' id='word_1_268' title='bbox 377 2776 535 2843; x_wconf 74' lang='lat' dir='ltr'><strong>Primo</strong></span> <span class='ocrx_word' id='word_1_269' title='bbox 559 2777 673 2832; x_wconf 78' lang='lat' dir='ltr'><strong>pede</strong></span> <span class='ocrx_word' id='word_1_270' title='bbox 703 2790 914 2820; x_wconf 75' lang='lat' dir='ltr'><strong>mancum</strong></span> <span class='ocrx_word' id='word_1_271' title='bbox 943 2777 1248 2831; x_wconf 75' lang='lat' dir='ltr'><strong>septenarium</strong></span> <span class='ocrx_word' id='word_1_272' title='bbox 1273 2777 1501 2821; x_wconf 73' lang='lat' dir='ltr'><strong>dimensus</strong></span> <span class='ocrx_word' id='word_1_273' title='bbox 1530 2781 1594 2821; x_wconf 78' lang='lat' dir='ltr'><strong>est</strong></span> <span class='ocrx_word' id='word_1_274' title='bbox 1617 2777 1931 2821; x_wconf 74' lang='lat' dir='ltr'><strong>Hermannus:</strong></span> 
     </span>
     <span class='ocr_line' id='line_1_36' title="bbox 259 2835 1934 2903; baseline 0.001 -26"><span class='ocrx_word' id='word_1_275' title='bbox 259 2846 336 2891; x_wconf 72' lang='lat' dir='ltr'><strong>eqo</strong></span> <span class='ocrx_word' id='word_1_276' title='bbox 367 2840 575 2902; x_wconf 69' lang='lat' dir='ltr'><strong>quintum</strong></span> <span class='ocrx_word' id='word_1_277' title='bbox 600 2836 758 2890; x_wconf 78' lang='lat' dir='ltr'><strong>pedem</strong></span> <span class='ocrx_word' id='word_1_278' title='bbox 789 2835 995 2892; x_wconf 81' lang='lat' dir='ltr'><strong>(fortasse</strong></span> <span class='ocrx_word' id='word_1_279' title='bbox 1025 2836 1072 2877; x_wconf 90' lang='lat' dir='ltr'><strong>et</strong></span> <span class='ocrx_word' id='word_1_280' title='bbox 1102 2836 1300 2903; x_wconf 78' lang='lat' dir='ltr'><strong>tergum)</strong></span> <span class='ocrx_word' id='word_1_281' title='bbox 1331 2837 1546 2880; x_wconf 75' lang='lat' dir='ltr'><strong>excidisse</strong></span> <span class='ocrx_word' id='word_1_282' title='bbox 1576 2841 1737 2881; x_wconf 79' lang='lat' dir='ltr'><strong>statuo.</strong></span> <span class='ocrx_word' id='word_1_283' title='bbox 1853 2835 1934 2879; x_wconf 73' lang='lat' dir='ltr'><strong>An</strong></span> 
     </span>
     <span class='ocr_line' id='line_1_37' title="bbox 261 2892 1934 3005; baseline 0.001 -68"><span class='ocrx_word' id='word_1_284' title='bbox 261 2892 494 3005; x_wconf 49' lang='grc' dir='ltr'><strong>(ἰῗέιὴίῗῑεξ</strong></span> <span class='ocrx_word' id='word_1_285' title='bbox 549 2893 617 2947; x_wconf 81' lang='lat' dir='ltr'><strong>Cf.</strong></span> <span class='ocrx_word' id='word_1_286' title='bbox 652 2894 796 2938; x_wconf 81' lang='lat' dir='ltr'><strong>Varro</strong></span> <span class='ocrx_word' id='word_1_287' title='bbox 828 2895 856 2938; x_wconf 85' lang='lat' dir='ltr'><strong>l.</strong></span> <span class='ocrx_word' id='word_1_288' title='bbox 883 2895 910 2937; x_wconf 83' lang='lat' dir='ltr'><strong>l.</strong></span> <span class='ocrx_word' id='word_1_289' title='bbox 943 2893 983 2937; x_wconf 94' lang='lat' dir='ltr'>X</span> <span class='ocrx_word' id='word_1_290' title='bbox 1017 2898 1070 2936; x_wconf 83' lang='lat'><strong>78</strong></span> <span class='ocrx_word' id='word_1_291' title='bbox 1121 2894 1309 2951; x_wconf 71' lang='lat' dir='ltr'><strong>Quintil.</strong></span> <span class='ocrx_word' id='word_1_292' title='bbox 1336 2894 1444 2937; x_wconf 87' lang='lat' dir='ltr'><strong>VIII</strong></span> <span class='ocrx_word' id='word_1_293' title='bbox 1481 2899 1528 2949; x_wconf 89' lang='lat'><strong>3,</strong></span> <span class='ocrx_word' id='word_1_294' title='bbox 1562 2898 1616 2937; x_wconf 87' lang='lat'><strong>35</strong></span> <span class='ocrx_word' id='word_1_295' title='bbox 1737 2894 1934 2951; x_wconf 87' lang='lat' dir='ltr'><strong>sfingam</strong></span> 
     </span>
    </p>
   </div>
  </div>
 </body>
</html>
