2060 3140
530 134 580 179 L.
612 134 963 180 POMPONIVS
994 133 1399 179 BONONIENSIS
1694 135 1799 187 271

242 267 518 312 Lactantius
555 267 605 310 in
644 267 784 312 Statii
821 267 966 312 Theb.
1002 267 1045 311 X
1083 271 1166 311 841
1218 267 1422 324 ‘gemina
1467 267 1591 311 latus
1639 268 1802 312 arbore

127 327 282 371 clusus
321 326 511 370 Aerium
551 326 642 370 sibi
685 328 845 383 portat
883 326 991 385 iter]
1038 326 1330 370 admirabilis
1375 325 1658 383 periphrasis
1702 341 1802 371 sca-

121 386 286 430 larum.
356 385 697 442 Pomponius
737 399 849 430 sane
887 385 937 429 in
975 399 1251 430 armorum
1298 385 1536 431 iudicio:
1576 387 1678 429 tum

124 445 328 488 uocant.'
385 444 645 489 Abhorrere
677 445 905 502 spondeos
939 458 967 488 a
996 444 1135 501 primi
1165 460 1209 501 p.
1236 444 1337 490 Chr.
1369 444 1543 489 saeculi
1576 447 1675 488 arte
1706 444 1801 488 iam

19 503 29 508 ”
122 504 175 548 Α.
201 503 405 560 Langius
444 506 623 558 quaest.
657 506 789 548 metr.
829 519 874 560 p.
901 508 958 547 30
996 505 1240 548 monuerat
1277 517 1363 547 nec
1400 503 1500 561 ipse
1537 506 1799 548 tacueram:

121 562 326 607 Pacuvio
365 561 499 606 reddi
535 561 688 606 voluit
725 563 892 606 Bernh.
927 562 1138 606 Schmidt
1174 577 1290 607 mus.
1319 562 1465 607 Rhen.
1494 567 1562 619 16,
1588 567 1673 607 589
1699 577 1797 618 sqq.

118 622 224 678 Ipse
264 620 377 665 olim
414 620 537 664 inter
572 621 817 666 Atellanas
856 621 1063 679 reposui,
1105 635 1286 665 mecum
1324 621 1441 666 facit
1477 622 1531 667 A.
1564 621 1800 666 Dieterich

119 679 381 724 Pulcinella
410 695 454 736 p.
476 685 573 725 102.

242 774 267 812 2
300 769 514 812 uocitant
543 770 602 813 B.
627 768 828 814 Schmidt
865 770 1038 813 uocant
1074 769 1225 824 schol„
1266 769 1387 825 quod
1418 770 1461 813 si
1491 770 1592 825 quis
1620 783 1797 813 servare

24 819 26 821 ¹
115 828 240 884 velit,
293 829 518 873 trochaico
561 842 748 873 ‘nwmero
787 829 988 884 priorem
1031 828 1300 872 versiculum
1346 828 1666 872 dimetiendum
1711 842 1799 872 esse

118 893 266 932 monet
297 887 592 943 Schmidtius,
631 892 737 932 ante
766 900 896 944 quem
925 887 1238 944 qrawmnatico,
1277 900 1371 930 non
1395 892 1555 943 poetae
1587 888 1694 931 haec
1723 900 1796 931 εοε-

111 947 316 1049 Ῑγοιῐῦξαῗοὸ
336 947 631 1047 ΐζῗαεόαταν.
692 945 766 989 De
802 944 929 998 scala
967 958 1153 990 ‘numero
1190 946 1419 1003 singulari
1455 946 1512 1000 cf.
1551 945 1798 1003 Quintilia-

322 1040 332 1060 ⁷

433 1128 739 1177 ARVSPEX
775 1129 856 1176 vel
894 1126 1116 1175 PEXOR
1154 1126 1474 1176 RVSTIOVS

1085 1226 1276 1296 bucco,
1324 1227 1530 1295 puriter

115 1316 223 1369 Fac
261 1319 322 1369 lit
359 1335 473 1369 rem
511 1319 720 1368 tractes,
759 1346 831 1353 —
868 1314 1003 1367 Laui
1042 1314 1331 1366 iandudum
1369 1333 1570 1367 manus.

237 1416 418 1461 Nonius
458 1421 564 1472 516,
607 1421 661 1460 18
712 1415 970 1472 ‘puriten
1046 1415 1328 1471 Pomponius
1374 1414 1651 1472 Aruspice
1703 1416 1796 1459 uel

58 1483 63 1487 ”
115 1477 352 1521 Pectore
392 1474 631 1520 rustico:
671 1475 836 1519 bucco’
864 1488 902 1519 e.
927 1489 970 1530 q.
997 1489 1029 1518 S.
1064 1475 1291 1531 (Pexore
1323 1473 1507 1531 scripsi,
1539 1474 1665 1518 idem
1696 1488 1795 1518 esse

115 1537 353 1580 Pectore
386 1534 529 1579 sentit
555 1534 653 1578 Bue
685 1533 803 1579 conl.
828 1548 943 1577 mus.
968 1533 1114 1577 Rhen.
1140 1538 1211 1589 45,
1231 1538 1315 1577 159
1346 1533 1552 1577 Pecore
1579 1533 1794 1577 Hertzius

117 1609 221 1639 ann.
246 1593 427 1651 philoll.
453 1598 565 1638 1873
596 1608 640 1650 p.
663 1598 748 1637 339
779 1593 1064 1637 Praecone
1088 1591 1284 1636 Bothius
1315 1592 1573 1637 Petitore
1595 1592 1794 1637 Rothius

4 1625 7 1628 ἢ
34 1682 36 1686 f
113 1654 355 1698 Rectore
392 1652 733 1709 Quicheratius)
782 1651 997 1697 Ceterum
1028 1651 1083 1696 cf.
1118 1651 1274 1695 coroll.
1306 1651 1505 1696 LXXIX.

235 1748 257 1785 1
291 1741 456 1785 furiter
493 1742 571 1786 Ba
586 1741 644 1785 H
646 1741 660 1766 ¹
677 1741 743 1785 L1
759 1741 806 1784 P
981 1746 1005 1784 2
1045 1742 1099 1784 ut
1135 1753 1232 1783 rem
1270 1741 1434 1796 scripsi
1470 1739 1542 1783 uti
1579 1757 1613 1783 ω
1654 1742 1707 1783 ut
1745 1743 1791 1784 te

112 1802 311 1846 Bothius
348 1803 402 1844 ut
432 1800 524 1844 ista
554 1814 588 1844 ,τ
705 1799 868 1844 tractis
901 1801 966 1845 W
1078 1799 1250 1856 Bucco,
1290 1798 1468 1855 puriter
1505 1798 1581 1842 fac
1618 1801 1795 1842 tractes-

113 1862 353 1907 continuat
383 1861 609 1918 Berykius
726 1858 825 1903 laui
855 1858 952 1903 iam
984 1858 1159 1901 dudum
1188 1868 1226 1916 ψ
1257 1857 1433 1901 lauuan
1465 1857 1640 1901 dunum
1670 1859 1748 1903 Ba
1773 1897 1778 1902 .

852 2012 1056 2061 ASINA

942 2117 968 2164 I

110 2201 291 2272 Atque
330 2202 627 2255 auscultare
666 2200 829 2271 disce,
868 2202 914 2253 si
951 2199 1123 2252 nescis
1160 2199 1324 2269 loqui.

228 2303 407 2347 Nonius
455 2307 562 2360 246,
604 2307 658 2347 16
713 2301 1088 2357 ‘auscultare,
1136 2299 1297 2344 audire
1354 2336 1362 2344 .
1398 2336 1406 2344 .
1443 2336 1451 2344 .
1506 2298 1790 2356 Pomponius

109 2362 276 2407 Asina:
311 2363 469 2418 atque’
497 2375 534 2406 e.
561 2377 603 2417 q.
630 2377 664 2406 s,
697 2360 982 2417 (Asinaria
1012 2359 1319 2416 Passeratius)

925 2485 976 2532 H

18 2551 38 2646 s*
107 2570 295 2624 Exssui
336 2571 398 2624 de
435 2574 591 2624 nocte
630 2571 697 2623 ad
733 2569 931 2622 molam
970 2568 1189 2620 full6nis
1227 2539 1521 2620 festinatim

227 2671 407 2716 Nonius
441 2676 540 2728 514,
573 2676 599 2715 3
642 2669 993 2715 ‘festinatim
1030 2682 1112 2726 pro
1153 2667 1441 2712 festinanter.
1503 2668 1784 2725 Pomponius

108 2730 399 2776 Asinaria:
455 2730 621 2774 exilui’
665 2744 702 2775 e.
743 2745 785 2785 q.
828 2744 861 2773 s,
945 2729 1013 2771 De
1066 2727 1207 2772 titulo
1262 2727 1450 2772 dubitat
1501 2727 1785 2771 Ritschelius

109 2789 294 2852 Parerg.
327 2791 348 2833 I
380 2794 477 2834 142.

229 2878 371 2922 exilui
402 2879 545 2923 BaH
577 2876 742 2922 exsilui
781 2894 816 2933 φ
967 2875 1028 2925 ad
1065 2877 1251 2919 noctem
1289 2875 1442 2919 Palat.
1593 2874 1789 2919 fullonis

108 2938 487 2996 Lawremberyius
517 2937 692 2982 fullone
725 2953 759 2980 ω
791 2934 972 2980 fulloni'
1004 2949 1037 2979 ω
1155 2932 1447 2977 festinantim
1478 2934 1524 2977 P

1829 1241 1887 1280 10
