2060 3140
254 134 365 187 230
906 133 955 177 L.
983 118 1287 176 AFRANIVS

1026 272 1152 319 VIII

247 355 492 408 Tertium
532 356 671 408 diem
708 355 1071 424 praeclauium
1108 343 1284 407 linum*
1314 358 1491 408 texere
1533 397 1544 408 .
1585 397 1596 408 .
1635 397 1646 408 .

365 455 545 500 Nonius
586 461 662 512 64,
696 461 752 500 22
800 455 1238 512 ‘praeclauium,
1286 470 1394 512 pars
1441 455 1607 512 uestis,
1655 469 1775 511 quae
1821 457 1931 500 ante

246 514 432 558 clauum
462 514 647 558 texitur.
711 514 933 559 Afranius
965 514 1210 560 homine:
1247 515 1456 559 tertium’
1491 529 1529 561 e.
1556 529 1599 571 q.
1627 529 1662 559 S.

361 602 573 661 tertium]
605 605 771 659 totum,
804 609 857 648 ut
886 604 1096 647 senarius
1125 604 1221 659 flat,
1254 604 1357 648 Rue
1459 617 1604 646 unum
1634 605 1682 646 te
1715 603 1930 646 detexere

241 663 496 718 septenario
535 678 568 707 a:
606 677 750 705 unum
789 662 942 706 solum
979 664 1136 706 texere
1175 664 1269 720 ipse
1300 664 1522 720 proposui
1559 663 1711 707 coroll.
1744 662 1930 705 LXXIII

1052 803 1124 849 IX

152 899 238 939 230
255 884 372 955 Ipsi
412 904 496 938 me
535 886 674 938 uelle
712 867 1034 939 uestimenta
1074 886 1251 939 dicito.

242 1045 251 1053 .
317 986 620 1067 „Priscianus
645 1003 688 1044 p.
709 992 794 1031 694
818 988 867 1031 P.
897 986 1034 1044 ‘ipsi
1064 1001 1147 1044 pro
1171 987 1319 1044 ipsius
1345 987 1564 1032 Afranius
1597 987 1648 1032 in
1681 986 1929 1032 homine:

238 1061 330 1103 1PS1
376 1060 414 1090 e.
441 1061 484 1102 q.
512 1061 547 1090 S.

239 1208 379 1263 Cedo
418 1211 819 1280 ptirpurissum!
1065 1143 1110 1190 X

355 1311 534 1355 Nonius
568 1316 667 1367 218,
699 1317 755 1355 24
790 1312 1212 1368 ‘purpurissum
1251 1325 1421 1369 genere
1460 1315 1640 1357 neutro.
1704 1311 1926 1355 Afranius

234 1370 477 1415 homine:
511 1384 548 1415 c,
572 1371 635 1427 p.'
694 1370 902 1415 Conferri
932 1371 1090 1416 Plauti
1121 1372 1259 1416 Most.
1287 1377 1371 1416 261
1407 1371 1550 1416 iussit
1580 1370 1925 1416 Fleckeisenus.

876 1524 1253 1574 PANTELIVS
1263 1528 1290 1556 '¹‘

348 1622 599 1666 PANTnmvs
640 1621 825 1679 scripsi,
869 1621 1006 1666 Attin
1043 1621 1323 1680 intellegens
1366 1623 1464 1668 sive
1503 1622 1783 1679 Πανθήλιος
1827 1621 1924 1665 sive

229 1679 509 1733 Παντέλειος
540 1681 815 1738 cognomine
846 1681 950 1726 fuit.
1009 1681 1074 1726 Cf.
1104 1682 1299 1726 Prelleri
1329 1682 1526 1739 mythol.
1553 1681 1710 1726 Rom.²
1739 1682 1783 1725 Π
1814 1686 1923 1737 392,

231 1740 344 1784 olim
380 1740 629 1795 Patelia,
676 1755 818 1796 quam
856 1740 1088 1785 Patellam
1128 1741 1205 1786 vel
1242 1741 1538 1786 Patellanam
1577 1740 1799 1799 (Prelleri
1834 1740 1864 1786 1.
1890 1740 1921 1786 l.

227 1800 271 1843 II
295 1805 380 1844 223
407 1803 492 1857 sq.)
523 1799 872 1857 intellegebam.

1069 1912 1094 1958 I

230 1992 585 2048 Contemnes?
645 1995 784 2048 liber
821 1996 979 2048 nfitus
1019 1998 1124 2066 est,
1162 1995 1240 2048 ita
1287 1996 1460 2048 meiter
1497 1995 1613 2048 eius
1652 1994 1811 2064 dfxit,

227 2080 291 2135 In
333 2082 507 2136 Gallia
546 2075 732 2137 ambos
772 2087 894 2136 clim
941 2102 1186 2138 emerem.

375 2185 504 2228 I——II
536 2184 772 2229 Charisius
808 2201 852 2243 p.
880 2190 935 2230 95
968 2186 1017 2231 P.
1061 2185 1273 2230 ‘ambos
1314 2184 1561 2230 Terentius
1600 2185 1650 2228 in
1690 2183 1919 2241 Adelphis

330 2242 412 2299 idq
414 2257 471 2287 ue
501 2244 725 2289 Helenius
757 2245 911 2289 Acron
951 2244 1017 2288 sic
1050 2247 1264 2301 oportere
1297 2244 1391 2288 dici
1430 2244 1480 2312 in
1512 2245 1679 2289 eadem
1710 2243 1918 2288 Terentii

225 2258 412 2346 fabulaq
413 2302 688 2359 disputauit
713 2303 1020 2360 Verriumque
1045 2303 1162 2347 dicit
1186 2317 1351 2360 errare,
1385 2303 1467 2359 qui
1494 2306 1635 2361 putat
1666 2304 1752 2348 hos
1779 2303 1918 2347 ambo

228 2360 321 2404 dici
361 2361 549 2418 debere3
587 2362 907 2407 indifferenter
947 2365 1104 2407 autem
1142 2363 1324 2407 locutos
1364 2365 1547 2407 ueteres
1584 2362 1803 2407 uberiora¹
1835 2362 1917 2406 da-

225 2420 401 2464 buntur
425 2421 667 2478 exempla
701 2422 959 2466 Afranius
946 2438 997 2466 ιιι
1026 2422 1327 2467 Panteleo:
1361 2425 1711 2477 contemnes,
1745 2421 1915 2478 inquit,

225 2478 399 2522 liber’
435 2494 473 2525 e.
499 2495 542 2536 q.
571 2496 605 2526 s
645 2481 942 2548 (Pantaleo
975 2481 1046 2526 ed.
1079 2496 1147 2538 pr.
1179 2481 1571 2525 Pantaleonte
1606 2459 1786 2526 Junius
1848 2481 1918 2524 De

225 2537 553 2600 Παντελείῳ
599 2540 829 2598 cogitavit
869 2540 1251 2597 Lindemannus.)
1317 2540 1459 2584 ‘item
1497 2540 1624 2584 idem
1662 2541 1712 2583 in
1753 2540 1917 2584 eadem

229 2597 376 2655 [111].
427 2635 435 2643 .
470 2587 631 2644 ambo
655 2599 876 2644 Afranius
908 2599 958 2643 in
985 2600 1264 2644 Panteleo
1289 2600 1391 2659 [II]’
1419 2599 1715 2657 (Pantaleo
1741 2600 1810 2643 ed.
1829 2600 1916 2656 pr)

347 2691 370 2729 1
406 2689 704 2732 contemnens
736 2690 802 2734 ed
822 2703 895 2746 pr.
928 2689 1009 2734 An
1032 2687 1322 2734 contemnis?
1414 2693 1440 2731 2
1474 2688 1635 2732 ambos
1668 2702 1773 2731 cum
1797 2688 1915 2732 Her-

226 2758 426 2791 mannus
459 2761 563 2790 cum
595 2747 756 2791 ambos
789 2750 883 2793 cod.

1051 2844 1103 2891 H

409 2968 417 2976 .
494 2944 714 2979 reuocas
754 2927 852 2979 n6s
893 2927 1051 2980 ambo
1092 2928 1159 2979 ad
1196 2926 1510 2996 periculum.
