2060 3140
239 151 310 202 70
782 147 1090 193 GAECILIVS
1122 147 1339 192 STATIV
1341 147 1370 192 S

236 285 379 336 Dum
433 284 547 336 eius
599 286 827 336 mortem
880 282 1052 352 inhio,
1113 285 1326 353 egomet
1385 282 1526 335 inter
1578 282 1734 335 uiuos
1786 282 1914 334 uiuo

1293 371 1550 423 mortuus.
1731 360 1733 362 ,
1895 386 1915 418 6

239 460 420 524 Quaen
466 460 601 512 mihi
649 459 909 528 quidquid
956 459 1132 528 placet
1177 477 1238 511 eo
1285 459 1557 528 priuatum
1603 458 1649 511 1‘t
1686 477 1772 511 me
1812 477 1916 511 ser-

1293 548 1476 599 uatam
1516 547 1789 616 <uelim>‘?
1894 561 1914 594 5

235 637 331 689 'Ea
375 655 460 688 me
506 637 642 688 clam
689 653 744 687 se
791 638 912 688 cum
958 653 1076 688 mea
1122 635 1315 688 ancilla
1361 634 1439 687 ait
1483 639 1822 688 consuetum.
1862 635 1917 688 id

1296 742 1381 777 me
1420 724 1621 795 arguit:

148 813 332 867 150'Ita
380 813 638 883 plorando
690 813 889 866 orando
939 813 1187 866 instando
1239 816 1400 882 atque
1450 812 1783 884 6biurgand0
1830 831 1915 865 me

1295 901 1530 970 6ptudit‚

345 990 481 1042 Eam
519 989 606 1043 uti
639 990 939 1043 uenderem.
1014 1008 1156 1042 nunc
1195 990 1351 1042 credo
1390 988 1533 1042 inter
1570 990 1693 1042 suas

343 1077 599 1148 Aequalis
607 1122 622 1150 ‚
661 1080 914 1149 cognatas
954 1080 1253 1132 sermonem
1291 1078 1442 1132 serit:
1874 1094 1915 1126 10

456 1167 615 1231 ‘Quis
652 1171 956 1220 nostrarum
994 1168 1101 1220 fuit
1137 1170 1349 1239 integra
1388 1167 1621 1220 aetatula

566 1255 710 1319 Quae
748 1254 851 1308 hoc
889 1257 1031 1308 idem
1069 1275 1100 1308 a
1138 1257 1259 1309 uiro

147 1360 231 1399 155
454 1336 780 1413 'Impetrari't
817 1363 938 1414 suo,
978 1340 1120 1414 qu6d
1159 1359 1275 1416 ego·
1298 1363 1430 1397 anus
1468 1344 1627 1397 modo

340 1432 532 1503 Effeci,
570 1433 774 1502 paelice
811 1436 874 1485 lit
911 1452 1089 1486 meum
1127 1434 1397 1502 priuarem
1434 1433 1683 1485 uirum?'

230 1521 376 1574 Haec
407 1525 563 1574 erunt
594 1521 820 1574 concilia
850 1521 1092 1575 hocedie:
1130 1521 1343 1574 differar
1375 1522 1617 1574 serm6ne
1648 1522 1852 1574 misere.
1874 1535 1914 1567 15

349 1622 526 1666 Gellius
557 1623 600 1666 H
630 1627 685 1666 23
729 1623 742 1644 ‘
760 1622 933 1667 Caecili
972 1622 1182 1666 Plocium
1222 1622 1514 1680 legebamus:
1561 1622 1916 1678 hautquaquam

230 1680 346 1724 mihi
377 1683 426 1725 et
455 1681 536 1737 qui
569 1681 766 1725 aderant
796 1681 1092 1738 displicebat.
1141 1681 1352 1725 Libitum
1383 1683 1431 1725 et
1459 1680 1705 1725 Menandri
1731 1694 1916 1737 quoque

229 1739 439 1784 Plocium
478 1741 655 1797 legere,
697 1754 725 1784 a
757 1755 848 1796 quo
888 1740 1031 1785 istam
1063 1740 1355 1785 comoediam
1385 1742 1606 1785 uerterat.
1669 1740 1760 1785 Sed
1791 1739 1915 1784 enim

230 1801 479 1855 postquam
516 1799 566 1842 in
603 1813 768 1843 manus
807 1800 1065 1844 Menander
1105 1799 1256 1857 uenit,
1297 1815 1325 1844 a
1363 1799 1595 1856 principio
1641 1798 1824 1855 statim,
1866 1798 1915 1842 di

230 1857 362 1903 boni!
410 1860 639 1914 quantum
685 1860 870 1925 stupere
918 1861 1061 1914 atque
1105 1859 1275 1916 frigere
1317 1861 1635 1915 quantumque
1672 1859 1854 1902 mutare
1886 1872 1914 1902 a

230 1917 486 1961 Menandro
511 1916 739 1962 Caecilius
770 1917 899 1961 uisus
933 1921 1025 1963 est!
1074 1918 1315 1963 Diomedis
1346 1917 1501 1962 hercle
1525 1931 1654 1961 arma
1678 1919 1726 1961 et
1749 1916 1914 1961 Glauci

228 1990 324 2019 non
362 1975 539 2033 dispari
576 1976 727 2034 magis
764 1976 917 2033 pretio
957 1977 1211 2021 aestimata
1250 1979 1371 2022 sunt.
1433 1977 1706 2021 Accesserat
1745 1975 1913 2020 dehinc

230 2035 372 2079 lectio
404 2036 465 2079 ad
496 2049 603 2080 eum
632 2035 808 2093 locum,
848 2035 898 2079 in
937 2050 1030 2092 quo
1069 2036 1310 2081 maritus
1343 2050 1511 2080 senex
1542 2049 1710 2092 super
1740 2049 1913 2079 uxore

233 2093 416 2138 diuite
471 2097 641 2150 atque
696 2095 937 2139 deformi
1000 2097 1371 2152 querebatur,
1432 2094 1581 2151 quod
1641 2093 1914 2138 ancillam

231 2168 404 2210 suam,
442 2168 552 2198 non
589 2153 803 2198 inscito
842 2154 1096 2211 puellam
1133 2153 1457 2198 ministerio
1490 2155 1544 2197 et
1585 2152 1736 2197 facie
1774 2153 1915 2197 haut

230 2212 555 2269 inliberali,
598 2215 832 2257 coactus
865 2215 990 2258 erat
1020 2214 1367 2257 uenumdare
1399 2214 1720 2269 suspectam
1749 2211 1912 2256 uxori

231 2271 393 2326 quasi
423 2271 715 2328 paelicem.
764 2272 899 2315 Nihil
930 2271 1087 2317 dicam
1118 2286 1204 2329 ego
1237 2274 1464 2328 quantum
1495 2271 1693 2315 differat.
1738 2271 1910 2316 Versus

230 2330 462 2431 {Itrimque
501 2331 642 2375 eximi
679 2331 797 2375 iussi
837 2333 886 2376 et
922 2330 1029 2375 aliis
1071 2331 1134 2375 ad
1167 2331 1395 2375 iudicium
1424 2330 1697 2374 faciundum
1729 2330 1910 2388 exponi.

282 2390 484 2434 enander
515 2390 602 2436 sic:

496 2476 569 2522 ἐπ’
608 2476 851 2536 ἀμφότερα
882 2486 971 2523 νῦν
1002 2479 1030 2533 ἡ
1058 2476 1296 2553 ’πίκληρος
1327 2478 1355 2535 ἡ
1388 2478 1503 2535 καλὴ

495 2537 646 2595 μέλλει
676 2537 1007 2594 καθευδήσειν.
1042 2535 1368 2595 κατείργασται
1398 2537 1514 2595 μέγα

495 2597 577 2640 καὶ
607 2595 886 2672 περιβόητον
919 2597 1074 2654 ἔργον·
1110 2596 1160 2641 ἐκ
1190 2603 1271 2653 τῆς
1303 2594 1452 2648 οἰκίας

499 2653 681 2729 ἐξέβαλε
712 2656 799 2713 τὴν
829 2660 1067 2700 λυποῦσαν
1098 2655 1157 2712 ἣν
1189 2655 1419 2730 ἐβούλετο,

440 2718 466 2755 5
501 2712 565 2758 ἵν’
576 2714 899 2788 ἀποβλέπωσι
929 2713 1102 2766 πάντες
1133 2714 1198 2766 εἰς
1227 2714 1279 2758 τὸ
1290 2714 1563 2788 Κρωβύλης

497 2770 748 2828 πρόσωπον
780 2776 809 2833 ᾐ
839 2773 880 2818 τ’
919 2774 1206 2849 εὔγνωστος
1204 2770 1302 2817 οὗσ’
1341 2772 1423 2830 ἐμὴ
1456 2773 1572 2830 γυνὴ

500 2830 745 2877 δέσποινα.
808 2833 889 2877 καὶ
918 2833 1004 2890 τὴν
1036 2831 1206 2889 ὄψιν“
1180 2849 1239 2889 ην
1272 2831 1494 2888 ἐκτήσατο

501 2888 608 2941 ὄνος
641 2890 690 2935 ἐν
719 2891 945 2947 πιθήκοις
973 2898 1109 2936 τοῦτο
1141 2890 1199 2966 ὃῂ
1230 2890 1282 2935 τὸ
1314 2889 1561 2948 λεγόμενον

501 2947 636 2993 ἔστιν.
670 2957 850 2994 σιωπᾶν
883 2950 1107 3009 βούλομαι
1135 2949 1221 3007 τὴν
1251 2967 1398 2995 νυκτα
1427 2950 1512 3006 τὴν
