2060 3140
227 122 298 175 28
876 121 967 167 CN.
998 121 1263 175 NAEVIVS

227 257 331 300 item
369 269 489 312 susp.
531 255 592 299 H.
627 256 808 300 Jordan
845 256 879 311 (‘
892 256 1024 300 Vesta
1062 260 1103 300 et
1139 254 1315 299 Lares.’
1365 254 1575 300 Berolim'
1607 258 1720 298 1865
1754 268 1802 311 p.
1831 257 1904 312 19)

347 313 659 370 Theodotum,
707 313 947 357 cumulans
994 313 1075 369 qui
1117 326 1222 357 aras
1263 314 1367 358 Bue
1512 318 1538 356 3
1578 312 1904 358 circumtectus

232 372 281 417 Ο.
316 373 569 418 Muellerus
600 371 953 416 circumtectuas
986 373 1079 417 cod.
1143 371 1443 416 circumtecta
1474 372 1674 430 Scaliger
1731 371 1905 416 circum

227 433 379 476 tectos
411 432 622 490 Mdehly:
653 432 842 487 facilius
873 430 1211 486 circumtectas,
1242 431 1337 476 scil.
1371 444 1498 488 aras,
1524 431 1810 488 probaverim

1042 568 1096 616 II

1287 651 1505 707 exbolas

230 739 492 804 Quassant
530 740 692 794 aulas,

344 839 492 885 Varro
526 840 582 885 de
614 840 644 886 1.
677 840 707 886 l.
733 841 819 886 VH
844 845 928 886 108
951 841 1014 887 M.
1057 842 1201 899 ‘apud
1231 841 1464 886 Naeuium
1502 842 1553 886 in
1581 842 1788 888 Hesiona
1807 880 1906 889 .....

226 899 276 943 in
314 899 637 945 Tunicularia=
685 900 921 945 exbolas
965 904 1243 957 quassant
1281 901 1469 946 aulas'
1512 901 1699 959 (aulas
1738 916 1909 960 quas—

229 961 358 1003 sant
389 958 566 1016 Goth),
603 960 742 1015 ‘quae
774 959 1025 1018 eiciuntur,
1058 974 1086 1004 a
1118 959 1294 1005 Graeco
1325 960 1469 1006 uerbo
1502 960 1663 1006 ecbole
1695 961 1906 1006 dictum.’

1017 1099 1105 1147 ·111

141 1197 224 1236 105
655 1183 768 1236 eius
806 1183 1017 1236 n6ctem
1054 1201 1225 1236 nauco
1265 1183 1452 1238 ducere

344 1290 510 1335 Festus
534 1306 578 1348 p.
600 1295 684 1340 166
701 1290 762 1335 Μ.
798 1290 1061 1335 ‘naucum
1093 1290 1162 1335 ait
1192 1291 1355 1335 Ateius
1378 1291 1651 1350 Philologus
1681 1292 1793 1350 poni
1823 1305 1909 1350 pro

226 1349 363 1407 nugis
395 1375 453 1384 -
483 1376 543 1383 —-
573 1376 631 1383 —
663 1351 711 1394 et
740 1349 950 1422 Naeuius
982 1349 1031 1394 in
1063 1349 1385 1397 Tunicularia:
1417 1351 1534 1395 eius'
1569 1365 1605 1396 e.
1633 1367 1677 1408 q.
1704 1366 1737 1397 ι.

342 1447 483 1492 nauci
515 1447 713 1493 Bothius

624 1601 698 1649 IN
701 1599 1063 1650 OERTARVM
1099 1600 1512 1650 FABVLARVM

1058 1703 1084 1751 I

225 1788 355 1841 Pati
387 1806 597 1842 necesse
637 1792 718 1842 est
754 1789 925 1841 multa
962 1787 1215 1842 mortales
1253 1789 1407 1842 mala.

343 1897 652 1954 Hieronymus
684 1897 746 1941 ad
767 1896 1073 1941 Heliodorum
1105 1897 1238 1954 epist.
1256 1897 1337 1941 LX
1354 1903 1409 1942 14
1434 1900 1482 1954 (t.
1501 1897 1642 1956 1349)
1680 1897 1907 1943 ‘Naeuius

170 1985 173 2010 ;
226 1958 368 2012 poeta
397 1955 521 2014 pati,
554 1955 730 2014 inquit,
760 1969 951 2001 necesse
982 1958 1055 2001 est
1082 1971 1142 2002 m.
1175 1971 1234 2002 m.
1266 1957 1346 2002 m.’

343 2060 565 2104 mortales
613 2059 848 2117 Sauppius
893 2060 1061 2106 Phizoz.
1087 2065 1166 2116 21,
1193 2064 1275 2104 157
1322 2073 1381 2105 ex
1418 2060 1567 2105 codiee
1607 2059 1732 2105 Guiz.
1772 2059 1910 2106 Libri

225 2132 338 2164 saec.
375 2123 398 2162 7
437 2121 506 2165 vel
541 2123 589 2176 8,
629 2120 709 2164 ubi
746 2118 969 2164 mortales
1008 2121 1081 2164 est
1119 2121 1213 2176 <sed
1251 2121 1323 2163 est
1358 2121 1693 2177 compunctum>
1731 2121 1907 2178 legitur.

227 2177 474 2222 mortalem
503 2180 637 2237 vulyo
843 2182 847 2189 '

1043 2258 1095 2306 II

226 2341 473 2396 Dictator
510 2342 606 2395 ubi
645 2360 859 2395 currum
898 2341 1108 2413 insidit,
1152 2340 1465 2412 peruehitur
1506 2360 1674 2412 usque
1713 2341 1779 2394 ad
1818 2343 1908 2412 69-

1285 2429 1484 2499 pidum.

344 2529 491 2575 Varro
517 2531 574 2576 de
597 2531 628 2576 1.
655 2531 686 2575 l.
712 2530 755 2575 V
779 2535 863 2576 153
880 2531 942 2575 M.
976 2529 1151 2589 (deficit
1181 2530 1258 2576 hic
1280 2530 1420 2588 Flor.)
1455 2531 1523 2574 ‘in
1553 2530 1674 2576 circo
1704 2531 1907 2588 primum

226 2588 350 2633 unde
381 2588 632 2634 mittuntur
663 2589 794 2647 equi,
831 2604 956 2635 nunc
988 2589 1206 2635 dicuntur
1236 2603 1463 2647 carceres,
1501 2589 1709 2635 Naeuius
1742 2590 1908 2647 oppi-

227 2647 352 2691 dum
390 2647 611 2704 appellat.
675 2662 881 2694 carceres
922 2648 1060 2706 dicti,
1098 2648 1222 2705 quod
1254 2652 1523 2694 coercentur
1553 2649 1662 2706 equi
1687 2686 1695 2694 .
1716 2686 1723 2694 .
1746 2685 1753 2693 .
1780 2649 1907 2705 quod

227 2706 288 2750 ad
332 2706 454 2750 muri
501 2707 703 2763 speciem
745 2708 902 2765 pinnis
947 2706 1245 2764 turribusque
1293 2721 1499 2752 carceres
1547 2707 1659 2752 olim
1701 2707 1905 2765 fuerunt,

228 2764 413 2821 scripsit
452 2768 613 2822 poeta:
654 2766 874 2812 dictator’
909 2780 947 2811 e.
974 2782 1016 2824 q.
1044 2782 1078 2812 s.
1140 2767 1267 2811 Inter
1296 2766 1412 2811 belli
1443 2766 1608 2811 Punici
1639 2766 1907 2823 fragmenta.

228 2838 257 2867 a
290 2823 451 2867 multis
484 2823 604 2869 falso
634 2825 847 2871 relatum.
912 2826 977 2871 Cf.
1011 2825 1169 2870 coroll.
1194 2824 1357 2870 XVIII.

345 2933 480 2963 curru
511 2922 680 2966 conieci
768 2921 942 2966 insidet
974 2922 1287 2968 Fleckeiseuus
