2060 3140
248 115 320 169 64
793 114 1069 160 CAECILIV
1071 114 1100 160 S
1132 114 1381 159 STATIVS

367 248 656 305 suppilatum
686 250 759 292 est
797 248 862 292 W
997 261 1162 291 aurum
1191 248 1390 292 Bothius
1420 260 1526 291 eum
1556 264 1591 291 ω
1734 249 1928 294 inserere

248 321 283 352 e.
315 322 351 353 c.
382 307 529 352 uestis
576 309 679 352 licet
723 307 797 364 (cf.
833 307 1003 351 Plauti
1047 307 1190 362 Epid.
1223 309 1351 363 222),
1398 307 1493 351 ‘nisi
1536 307 1672 352 initio
1717 322 1928 353 mancum

247 368 554 423 septenarium
579 402 587 410 .
615 402 623 410 .
649 364 985 422 suppilatumst
1015 378 1179 408 aurum
1211 366 1353 420 atque
1379 379 1419 409 o.
1446 379 1486 409 ο.
1505 367 1756 422 praeferas.
1821 381 1928 424 sup-

247 425 371 484 pilat
399 427 579 469 uestem
611 439 774 468 aurum
805 438 846 469 a.
880 437 920 468 ο.
953 437 994 468 ο.
1033 423 1207 468 Onions

799 561 1031 611 NOTHV
1034 562 1066 611 S
1106 561 1373 612 NIOASIO

367 658 535 710 Νόθος
563 658 880 704 Philemonis?
943 658 1009 704 Of.
1042 658 1329 704 Ritschelius
1361 660 1546 717 Parerg.
1580 660 1602 704 I
1635 665 1719 704 135
1752 663 1801 705 et
1830 661 1928 708 XV.

1079 784 1106 831 1

250 867 453 938 HabeS,
498 868 642 938 uide,
686 869 841 938 <em>
887 868 989 921 tibi
1034 868 1252 938 tradidi,
1298 869 1356 921 in
1394 872 1487 922 tuo
1528 868 1665 922 collo
1706 873 1807 923 est:
1847 870 1933 924 de-

915 983 917 985 ·
1222 957 1383 1010 colles
1422 975 1563 1010 caue.

369 1049 549 1094 Nonius
583 1054 653 1106 97,
686 1055 743 1094 26
779 1049 1117 1106 ‘decollare,
1152 1063 1209 1094 ex
1240 1049 1361 1094 collo
1394 1050 1638 1108 deponere.
1701 1052 1930 1097 Caecilius

252 1109 440 1153 Notho
472 1108 796 1155 Nicasioni:
828 1110 992 1154 habes’
1028 1123 1065 1154 e.
1099 1125 1142 1165 q.
1176 1124 1209 1153 s.
1274 1110 1438 1168 (Noto
1470 1110 1547 1167 W)

370 1196 512 1241 uiden
542 1199 816 1244 coniecerant

472 1360 619 1415 'Ilico
659 1365 780 1415 ante
821 1362 1018 1416 ostium
1054 1362 1143 1415 hic
1182 1363 1379 1415 erimus
1421 1405 1429 1415 .
1472 1405 1481 1415 .
1523 1406 1533 1415 .
1575 1406 1585 1416 .

370 1461 550 1507 Nonius
583 1466 684 1519 325,
716 1467 741 1506 2
777 1462 941 1507 ‘ilico
974 1462 1209 1520 significat
1240 1463 1414 1520 statim,
1446 1478 1555 1508 mox
1587 1500 1596 1509 .
1625 1500 1633 1508 .
1661 1501 1669 1508 .
1704 1463 1934 1509 Caecilius

253 1521 725 1566 Notonicasione:
758 1521 887 1566 ih'co’
923 1535 959 1566 e.
993 1537 1035 1578 q.
1071 1537 1103 1566 S.
1153 1521 1610 1580 (notonicasione
1641 1523 1678 1566 B
1732 1523 1936 1569 notoni

254 1581 549 1626 incasione
582 1580 788 1625 GHL²W
817 1580 1297 1626 notonincasione
1329 1582 1405 1639 L1)

372 1664 444 1706 est
473 1661 582 1706 ilico
614 1661 681 1706 12¹
800 1661 1007 1706 hostium
1038 1663 1203 1707 BLW

1057 1787 1135 1835 ΙΠ

477 1912 798 1924 .......
836 1874 1046 1924 manete
1083 1871 1235 1925 ssico!

372 1971 552 2016 Nonius
585 1976 684 2029 325,
720 1976 772 2015 11
809 1971 994 2029 ‘ilico,
1026 1971 1077 2016 in
1108 1985 1162 2017 eo
1193 1972 1298 2017 loco
1333 2009 1340 2017 .
1369 2010 1377 2017 .
1407 1973 1434 2017 .’

581 2109 1052 2161 OBOLOSTATES
1105 2109 1600 2175 [FAENERATOR]

374 2208 632 2264 Vtrumque
671 2221 841 2252 nomen
883 2209 945 2252 ad.
991 2208 1189 2253 eandem
1232 2207 1444 2252 fabulam
1488 2207 1720 2264 pertinere
1767 2207 1937 2253 statuit

261 2266 480 2324 Scaliger.
546 2266 611 2312 Cf.
644 2266 929 2312 Ritschelius
959 2268 1146 2324 Parerg.
1178 2268 1200 2311 I
1233 2271 1330 2311 144.
1365 2271 1462 2312 157.

1082 2377 1108 2424 Ῑ

174 2439 260 2552 ΕΟ
274 2460 431 2515 Nunc
478 2462 620 2514 enim
665 2479 793 2514 uero
842 2463 943 2531 est,
982 2463 1103 2514 clim
1143 2479 1290 2514 meae
1328 2462 1491 2515 morti
1529 2461 1821 2539 remedium
1861 2480 1937 2514 re-
1981 2452 1984 2454 ¹

1227 2549 1427 2620 perl'bit
1465 2568 1635 2604 nemo,

378 2649 557 2694 Nonius
590 2650 1230 2708 508‚15‘repperibitur
1266 2664 1351 2707 pro
1388 2650 1677 2708 repperietur
1709 2687 1717 2696 .
1824 2650 1937 2695 Cae-

263 2707 397 2751 cilius
423 2708 619 2755 Oboloz
644 2711 785 2754 nunc’
805 2723 842 2754 e.
862 2725 904 2766 q.
924 2725 958 2755 s.
986 2709 1206 2767 (Obello
1229 2709 1299 2753 Ba
1325 2709 1662 2754 obolostate
1686 2710 1936 2767 Mercerus)

385 2796 677 2843 Octonafrium
701 2799 979 2851 trochaicum
1007 2799 1194 2856 amovit
1215 2798 1332 2853 Bae,
1362 2799 1646 2844 senariorum
1674 2799 1827 2854 frusta
1851 2801 1938 2855 (re-

263 2854 469 2899 medium
480 2856 757 2926 Repersbit)
788 2872 889 2903 cum
910 2859 1020 2904 aliis
1040 2863 1302 2903 notaveram
1389 2858 1533 2916 nunc]
1556 2871 1641 2902 nec
1666 2858 1732 2903 W
1812 2872 1936 2901 nunc

263 2928 386 2958 nunc
418 2914 542 2959 enim
571 2929 680 2960 uero
711 2918 764 2961 in
792 2918 970 2962 senario
1001 2917 1225 2975 Berykius
1255 2930 1403 2973 opusc.
1435 2916 1457 2959 I
1488 2921 1573 2961 387
