2060 3140
899 132 1136 177 ATILIVS
1785 130 1854 183 37

180 266 442 322 Manutius,
495 266 636 333 immo
690 265 842 322 ipsam
895 265 1028 309 illam
1079 264 1298 309 imitandi
1343 263 1577 308 insaniam
1621 263 1697 307 vel
1743 260 1858 307 ἀπό-

178 341 352 392 τευγμα
395 303 590 369 nimiam
645 324 737 368 sibi
783 337 882 369 esse
930 324 1074 368 animi
1119 324 1413 381 voluptatem
1458 322 1643 367 videtur
1686 322 1858 366 Paetus

181 383 432 441 scripsisse

300 471 444 516 animi
494 471 673 517 homini
697 474 792 518 cod
825 486 891 529 ep.
917 474 979 517 ad
1000 474 1109 528 fam.
1202 471 1422 530 errorem]
1455 482 1693 527 aegrorem
1716 469 1858 513 Bent-

180 532 307 588 leius‚
339 546 426 589 quo
487 546 641 577 verum
668 546 764 577 ‘non
793 545 882 577 esse
913 537 1104 588 apparet
1135 532 1229 576 loco
1256 532 1319 575 ad
1340 531 1449 586 fam.
1474 529 1518 573 11
1541 533 1566 572 9
1659 527 1860 572 arbitror

178 567 428 636 Bentleius.
482 591 657 637 Trabea
687 606 774 648 quo
804 593 934 636 verbo
964 605 1076 636 usus
1101 591 1161 635 sit
1182 591 1423 635 nescimus:
1455 590 1644 644 fortasse
1668 589 1859 632 autumo

179 651 361 707 scripsit

746 833 1300 906 ATILIVS

164 993 199 1051 ‚1³
830 991 1213 1043 M’ISOGYNOS

297 1090 542 1135 Menandri
572 1089 736 1134 fabula
765 1090 1038 1148 Μισογύνης
1069 1089 1172 1134 fuit.

300 1180 483 1234 Cicero
508 1181 660 1234 Tusc.
686 1181 817 1251 disp.
841 1180 1033 1261 IV111‚
1057 1180 1128 1234 25
1162 1181 1366 1234 ‘odium
1396 1180 1684 1234 mulierum
1709 1179 1864 1249 quale

181 1270 238 1322 in
276 1270 557 1341 misogyno
596 1270 734 1323 Atili
774 1270 890 1323 est.'

604 1452 609 1457 ·
648 1421 738 1470 EX
774 1421 1083 1471 INOERTIS
1122 1420 1404 1469 FABVLIS

185 1614 348 1669 Suam
394 1615 628 1687 quoique
674 1635 946 1687 sponsam,
998 1616 1136 1669 mihi
1182 1634 1376 1669 meam:
1430 1635 1586 1669 suum
1634 1614 1867 1685 quosque

1158 1724 1414 1775 amorem,
1451 1704 1588 1775 ml'hi
1626 1722 1819 1757 meum

303 1812 461 1857 Cicero
501 1813 562 1857 ad
596 1812 694 1858 Att.
719 1813 827 1858 XIV
852 1818 931 1870 20,
957 1818 984 1857 3
1026 1815 1151 1858 ‘cum
1184 1849 1194 1859 .
1221 1851 1229 1859 .
1259 1851 1267 1859 .
1302 1813 1588 1871 scripsissem
1635 1813 1696 1856 ad
1741 1813 1864 1856 eum’

183 1872 413 1929 (Brutum)
455 1872 532 1916 de
579 1871 755 1928 optimo
802 1886 971 1930 genere
1019 1872 1228 1930 dicendi,
1275 1887 1371 1917 non
1415 1872 1554 1917 modo
1599 1871 1738 1928 mihi,
1787 1871 1868 1916 sed

183 1930 328 1975 etiam
356 1930 448 1975 tibi
480 1931 667 1989 scripsit
697 1931 789 1975 sibi
819 1931 953 1989 illud,
985 1932 1111 1988 quod
1141 1931 1259 1976 1111111
1285 1932 1507 1989 placeret,
1540 1945 1635 1975 non
1656 1930 1867 1988 probari.

186 2004 329 2046 quare
361 1990 459 2035 sine
492 2005 664 2046 quaeso
697 1990 789 2034 sibi
821 1969 1051 2047 quenique
1076 1991 1290 2037 scribere.
1336 1991 1476 2036 Suam
1501 1990 1686 2047 cuique’
1713 2004 1752 2052 e.
1770 2004 1812 2046 q.
1833 2004 1866 2035 s.

188 2051 299 2094 ‘non
332 2049 470 2096 scite:
502 2050 591 2094 hoc
623 2048 748 2094 enim
778 2050 953 2094 Atilius
983 2053 1126 2108 poeta
1157 2049 1463 2095 durissimus?

303 2144 470 2202 cuique
502 2147 605 2204 (bis)
641 2147 738 2191 edd.
772 2159 956 2202 quoque
989 2148 1089 2204 (bis)
1121 2146 1247 2192 Med.

1001 2286 1053 2334 II

183 2369 288 2422 Per
325 2369 586 2423 laetitiam
624 2370 853 2439 liquitur
884 2371 1106 2423 animus,

303 2478 451 2522 Varro
489 2479 547 2523 de
577 2479 608 2524 l.
640 2479 671 2523 l.
695 2479 781 2524 VH
805 2484 890 2523 106
914 2479 976 2524 Μ.
1021 2478 1254 2523 ‘Aurelius
1295 2478 1458 2523 scribit
1497 2477 1730 2523 delicuum
1769 2492 1869 2523 esse

189 2538 247 2581 ab
288 2536 491 2594 liquido,
539 2537 760 2582 Claudius
808 2539 868 2582 ab
915 2538 1136 2594 eliquato.
1200 2537 1239 2581 si
1279 2537 1382 2594 quis
1423 2537 1699 2582 alterutrum
1738 2537 1871 2594 sequi

185 2596 346 2653 malet,
377 2596 575 2641 habebit
606 2599 845 2642 auctorem
877 2598 1002 2654 apud
1025 2597 1243 2642 Atilium:
1274 2610 1358 2654 per
1379 2597 1410 2641 1.
1435 2597 1464 2641 1.
1492 2611 1532 2642 a.
1579 2597 1622 2642 A
1643 2595 1869 2653 liquando

186 2655 433 2712 liquitur
464 2656 655 2700 fictum.’
721 2655 1022 2714 (Accilium
1045 2656 1253 2700 Turnebi
1277 2656 1377 2700 cod.
1416 2655 1688 2701 Attilium
1716 2656 1868 2700 Haun.

188 2713 503 2759 Caecilium
534 2715 635 2760 cod.
659 2715 715 2772 B)
776 2715 882 2759 Nisi
919 2715 1039 2759 forte
1080 2729 1135 2760 ex
1172 2715 1361 2759 Electra
1391 2714 1528 2760 Atilii
1565 2715 1682 2760 haec
1718 2715 1871 2772 petita

188 2775 316 2819 sunt:
350 2773 406 2818 cf.
433 2773 572 2831 Soph.
597 2774 667 2819 El.
686 2779 770 2819 871
797 2773 881 2832 ὑφ’
903 2775 1076 2832 ἡδονῆς
1104 2791 1190 2832 τοι,
1224 2773 1435 2832 φιλτάτη,
1467 2775 1694 2831 διώκομαι
1716 2792 1757 2819 κ.
1775 2791 1812 2819 τ.
1830 2778 1867 2818 λ.

305 2876 502 2934 liquitur
524 2879 648 2923 verbi
669 2893 927 2923 men-swam
949 2879 1217 2923 monstravit
1240 2878 1343 2923 Bue
1366 2879 1540 2924 annall.
1559 2878 1735 2935 philon.
1756 2880 1868 2921 1869

180 2950 229 2992 p.
254 2940 355 2981 488.
381 2941 488 2981 536:
520 2937 577 2992 cf.
612 2937 777 2982 Plauti
812 2938 938 2982 Trin.
964 2941 1050 2981 243

1899 2345 1926 2443 0010
