2060 3140
281 123 384 175 128
826 118 1053 164 SEXTVS
1083 117 1399 165 TVRPILIVS

1082 258 1134 306 II

289 345 463 399 Nemo
502 346 755 413 umquam
793 342 931 394 uidit
969 341 1177 394 ebrium
1215 341 1294 393 ire
1331 341 1471 393 inter
1510 340 1602 393 diu

188 446 275 487 200
290 433 478 503 Neque
516 431 728 484 tlirbam
766 430 937 482 faeere
975 430 1146 498 neque
1184 429 1325 482 fores
1364 432 1595 481 exurere.

393 532 572 577 Nonius
605 535 704 587 524,
737 535 791 574 27
828 529 1075 573 ‘turbam
1113 531 1161 573 et
1198 528 1359 573 turbas
1403 528 1637 575 diuersam
1667 530 1833 574 uolunt
1863 530 1947 575 ha-

275 593 385 636 bere
424 589 831 648 significationem,
878 590 931 632 ut
969 588 1032 632 sit
1067 587 1208 632 turba
1249 587 1412 655 populi
1457 590 1734 645 conuentus,
1759 589 1946 634 *turbae

275 650 579 696 turbationes,
640 648 737 692 Nos
773 649 936 692 contra
965 646 1139 691 lectum
1167 646 1430 692 inuemmus
1463 650 1511 692 et
1539 646 1790 693 indiscrete
1820 648 1948 706 posi-

275 712 376 754 tum
407 711 455 753 et
483 722 567 765 pro
598 707 747 752 turbis
778 705 966 751 turbam
999 743 1007 751 .
1034 742 1042 750 .
1071 707 1099 751 .’

393 795 419 834 2
450 789 600 834 fecere
631 789 676 832 L
793 801 990 832 uxurare
1030 788 1116 832 W¹

1075 897 1152 945 HI

277 982 540 1036 Coronam
570 1001 807 1036 mensam
845 982 983 1035 talos
1020 981 1229 1050 uinum,
1266 980 1397 1034 haee
1434 980 1595 1034 husus
1631 982 1799 1053 modi,

276 1071 481 1135 Quibus
517 1071 677 1124 rebus
712 1071 828 1124 uita
866 1071 1138 1123 amantum
1176 1069 1402 1122 inuitari
1435 1070 1585 1123 solet.

391 1172 571 1216 Nonius
603 1177 703 1229 321,
723 1177 775 1216 11
811 1170 1079 1215 ‘inuitari
1111 1172 1183 1214 est
1213 1169 1449 1215 delectari.
1467 1170 1596 1228 Virg.
1623 1170 1947 1228 Georg.lib.I:

274 1231 448 1275 inuitat
470 1231 668 1288 genialis
692 1230 840 1275 hiems
868 1267 875 1275 .
904 1266 913 1275 .
941 1267 949 1274 .
975 1229 1212 1286 Turpilius
1244 1229 1667 1286 Trasyleonem:
1699 1230 1942 1275 horonam'

274 1303 313 1334 e.
346 1305 389 1346 q.
423 1305 456 1335 s.
522 1290 663 1339 ‘idem
693 1289 932 1346 Filopatro
965 1289 1064 1347 [VT

386 1384 416 1422 .1
445 1392 662 1423 coronam
678 1378 911 1423 Meo-cerus
932 1377 1159 1421 horonam
1178 1394 1235 1421 m:
1260 1376 1512 1420 choronam
1534 1378 1784 1435 aliquamdo
1805 1380 1946 1435 scrip-

273 1444 370 1484 tum
397 1439 491 1493 fuit
578 1436 739 1480 uinum
769 1438 960 1493 Lipsius
989 1435 1126 1479 uinus
1157 1435 1207 1479 in
1238 1453 1272 1479 ω
1365 1441 1391 1479 2
1422 1435 1525 1479 uita
1556 1438 1798 1481 amantum
1827 1436 1948 1482 inui-

273 1496 367 1541 tari
397 1496 517 1541 solet
546 1497 737 1554 Lipsius
766 1495 916 1539 uitam
946 1497 1177 1539 amattum
1206 1494 1399 1539 inuitari
1432 1494 1579 1539 solem
1609 1513 1643 1540 ω

1071 1605 1143 1652 IV

272 1690 380 1743 Dat
417 1690 559 1743 ultro
598 1708 658 1742 ac
696 1690 1005 1742 muneratur
1043 1689 1185 1759 quod
1225 1689 1291 1742 ab
1330 1688 1424 1743 illo
1463 1689 1700 1743 abstulit.

389 1790 568 1835 Nonius
608 1795 708 1847 477,
743 1794 797 1834 18
846 1791 1198 1833 ‘muneratur
1242 1803 1325 1847 pro
1372 1791 1603 1844 munerat'
1651 1791 1736 1849 (sic
1780 1791 1946 1838 Bamb.

275 1850 507 1894 ‘munerat
535 1864 619 1907 pro
650 1850 937 1893 muneratur’
973 1848 1145 1907 ceteri).

388 1941 658 1983 muneratur
688 1939 886 1984 Bothius
915 1939 1130 1982 munerat
1161 1955 1195 1982 ω
1316 1937 1363 1982 al
1401 1938 1467 1983 W

1084 2048 1131 2095 V

271 2132 465 2186 Videre
505 2133 660 2203 cupio
698 2134 943 2186 nostrum
980 2133 1400 2186 mercimonium.

271 2293 310 2336 V
338 2233 568 2350 ΗΝοιέἒιὲῗ
599 2238 699 2291 213,
733 2239 758 2278 9
793 2232 1241 2278 ‘mercimonium
1270 2231 1424 2277 neutri
1455 2269 1464 2277 .
1492 2269 1501 2278 .
1528 2232 1558 2279 .’
1592 2231 1940 2289 (trasuleone

316 2307 338 2335 1⁸
371 2308 432 2336 ln.

388 2369 597 2411 nostrum
627 2367 672 2411 L
702 2369 910 2411 uestrum
940 2384 976 2424 φ

1068 2446 1141 2494 VI

185 2545 270 2587 205
286 2530 411 2584 Non
448 2533 528 2584 est
566 2531 845 2584 mediocris
884 2532 966 2584 res
974 2575 988 2602 ,
1027 2548 1196 2600 neque
1235 2530 1386 2599 (est)
1423 2530 1668 2600 uulgaria

286 2618 516 2672 Fallacia
552 2620 695 2673 haee.

388 2719 566 2764 Nonius
598 2724 698 2778 488,
723 2725 778 2764 26
813 2719 1159 2777 ‘uulgariam
1188 2732 1271 2776 pro
1303 2718 1546 2776 uulgarem
1571 2720 1659 2767 ...⁹
1693 2721 1940 2777 (transy·

271 2777 433 2823 leone
471 2778 653 2836 Bamb.)
1025 2800 1027 2803 ’

390 2863 412 2901 1
445 2871 516 2902 res
548 2860 630 2904 del.
653 2874 687 2905 x
715 2860 830 2904 haec
860 2873 932 2904 res
958 2861 1087 2916 prob.
1113 2859 1453 2906 Studemwndus
1542 2864 1568 2902 2
1601 2858 1717 2902 haee
1748 2834 1950 2902 fallacia*

273 2916 468 2962 Bothius
498 2920 723 2964 trochaeos
751 2933 996 2965 ‘numerans
