2060 3140
747 122 1059 169 PVBLILIVS
1092 123 1282 169 SYRVS
1745 122 1853 175 369

642 278 730 325 EX
767 277 1076 326 INGERTIS
1094 292 1097 295 ’
1114 277 1397 326 FABVLIS

1006 383 1032 429 I

175 465 467 534 [Luxliriae
505 466 645 518 rictu
683 465 871 518 Martis
909 469 1147 518 marcent
1184 466 1409 518 moenia.

176 553 291 606 Tuo
330 554 509 623 palato
550 554 760 606 clalisus
798 572 938 623 pauo
977 555 1214 623 pascitur
1503 608 1510 616 ,

174 641 424 695 Plumato
465 642 690 694 amictus
730 645 887 695 alireo
927 642 1279 712 Babylonico,
1915 658 1943 698 5

178 729 389 782 Gallina
427 730 530 782 tibi
566 729 874 799 Numidica,
912 730 1014 782 tibi
1053 731 1225 801 galhis
1264 731 1448 799 spado:

128 838 152 870 5
179 818 398 871 Ciconja
436 819 596 871 etiam
634 819 788 889 grata
826 819 1106 889 peregrina
1142 819 1355 888 hospita

173 907 573 959 Pietaticultrix
610 907 893 976 gracilipes
932 907 1254 960 crotalistria

174 994 333 1064 Auis„
372 995 496 1046 exul
533 994 746 1063 hiemiS,
789 982 982 1046 titulus
1019 996 1186 1064 tepidi
1225 996 1503 1064 temporis⁷

174 1082 463 1152 Nequitiae
501 1083 688 1135 nidum
726 1083 784 1134 in
822 1083 1045 1136 caccabo
1085 1083 1212 1135 fecit
1250 1084 1426 1136 modo,
1889 1101 1944 1140 10

178 1171 295 1235 Quo
334 1172 682 1242 margaritam
721 1172 896 1223 caram
935 1171 1059 1241 tibi,
1099 1171 1283 1224 bacam
1322 1171 1597 1241 'Indicam‚

110 1279 154 1311 ιο
179 1260 532 1332 Smaragdum
572 1261 636 1312 ad
677 1279 835 1329 quam
874 1278 986 1312 rem
1023 1259 1265 1330 uiridem,
1307 1261 1598 1329 pretiosiim
1637 1262 1856 1330 nitrum,
1888 1278 1946 1317 14

178 1348 295 1411 Quo
337 1347 727 1401 Carchedonios
767 1349 921 1417 optas
960 1349 1110 1419 ignes
1148 1349 1407 1419 lapideOS‚
1889 1367 1943 1406 15

175 1437 299 1491 Nisi
338 1440 399 1489 lit
437 1436 732 1489 scintilles‘?
784 1437 1025 1506 probitas
1064 1440 1145 1489 est
1183 1437 1548 1489 carblinculus
1815 1437 1819 1441 ’

177 1525 265 1578 An
303 1529 365 1578 iit
403 1529 647 1578 matrona
686 1526 874 1578 ornata
909 1525 1143 1594 phaleris
1180 1526 1405 1596 pe'lagiis
1890 1544 1944 1582 12

179 1615 358 1667 Tollat
395 1614 555 1683 pedes
594 1614 854 1666 indomita
892 1614 950 1666 in
987 1617 1154 1666 strato
1196 1614 1482 1667 extraneo?

114 1722 158 1754 15
182 1702 431 1772 Aequum
471 1703 551 1753 est
590 1702 806 1754 induere
843 1705 1066 1771 miptam
1103 1705 1325 1754 uentum
1362 1702 1625 1771 textilem,
1890 1720 1946 1759 17

179 1792 367 1844 Palam
405 1793 645 1859 prostare
682 1790 879 1842 midam
919 1791 975 1842 in
1012 1791 1208 1843 nebula
1245 1790 1445 1859 lineaP]

299 1890 543 1935 Petronius
577 1895 632 1934 55
674 1891 833 1947 ‘rogo‚
873 1890 1051 1946 inquit’
1087 1890 1403 1947 (Trimalchio)
1441 1891 1702 1948 ‘magister‚
1742 1891 1857 1948 quid

180 1954 320 2008 putas
364 1950 486 1993 inter
526 1949 792 1994 Ciceronem
834 1952 881 1993 et
918 1950 1174 1994 Publilium
1215 1950 1468 1995 interesse?
1529 1964 1614 2007 ego
1658 1951 1858 1995 alterum

181 2013 296 2067 puto
330 2008 621 2053 disertiorem
655 2009 820 2065 fuisse,
861 2009 1059 2052 alterum
1096 2009 1422 2053 honestiorem.
1485 2009 1598 2064 quid
1629 2010 1753 2053 em‘m
1783 2009 1856 2054 his

182 2069 350 2113 melius
390 2068 484 2111 dici
521 2070 706 2124 potest?
760 2068 1040 2112 luxuriae’
1076 2082 1112 2112 e.
1139 2083 1181 2124 q.
1208 2083 1240 2112 s.
1307 2068 1606 2124 Bernhardyo
1644 2068 1753 2114 hist.
1785 2069 1856 2113 lit.

182 2129 316 2172 Rom.
341 2132 427 2171 460
461 2127 720 2183 exemplum
750 2127 1046 2171 Publilianae
1077 2127 1191 2171 artis
1221 2126 1578 2184 imitari‘magis
1609 2142 1752 2183 quam
1781 2142 1858 2172 ex-

184 2187 384 2245 primere
415 2186 632 2230 videntur
662 2187 712 2229 hi
743 2200 915 2230 versus.

307 2280 329 2318 1
362 2274 456 2318 ritu
493 2275 684 2333 Trayusr.
804 2280 829 2317 2
864 2274 1071 2331 pascitur
1102 2275 1299 2332 Scaliyer
1335 2274 1545 2319 nascitur
1579 2275 1768 2334 Tragur.
1923 2318 1926 2323 .

169 2340 214 2378 ,6
252 2333 593 2391 pietaticultrix
622 2335 750 2379 Leid.
790 2333 980 2390 pietatis
1020 2333 1188 2377 cultrix
1219 2351 1254 2390 φ
1375 2338 1401 2377 8
1438 2334 1576 2378 modo
1607 2335 1860 2390 Jacobsius,

187 2395 292 2438 Bue
321 2407 424 2436 meo
458 2410 491 2436 ω
625 2399 650 2437 9
682 2392 984 2449 margaritam
1016 2407 1171 2436 caram
1200 2394 1363 2449 scripsi
1398 2392 1654 2450 margarita
1685 2407 1793 2437 cara
1823 2411 1858 2437 ω

276 2451 380 2508 tibi,
412 2452 580 2495 bacam
601 2452 811 2495 Indicam
835 2453 1055 2496 Heinsius
1084 2450 1174 2495 tibi
1203 2451 1322 2495 baca
1347 2452 1508 2508 (bacca
1527 2453 1676 2508 Leid.)
1701 2452 1860 2496 indica

189 2512 478 2556 Bern.Leid.
510 2510 693 2554 tribaca
722 2510 879 2554 indica
912 2528 946 2566 φ
978 2510 1212 2562 uitribaca
1241 2510 1403 2554 Indica
1433 2513 1546 2555 coni.
1565 2512 1668 2555 Bue
1750 2513 1861 2556 Post

187 2572 307 2615 hunc
338 2584 512 2614 versum
543 2572 762 2626 quaedam
792 2571 1004 2614 excidisse
1035 2571 1141 2614 olim
1169 2575 1459 2626 putaveram.-
1497 2571 1724 2615 miscuisse
1756 2571 1858 2615 Tri-

189 2631 482 2674 malchionem
514 2643 621 2685 quos
651 2631 913 2673 meminerat
942 2628 1051 2687 Syri
1080 2643 1230 2673 versus
1262 2629 1404 2673 eredit
1432 2629 1549 2683 Bue,
1577 2630 1683 2674 huic
1711 2631 1862 2674 versui

190 2694 294 2745 apte
325 2689 588 2732 continuari
616 2703 655 2732 v.
676 2693 744 2743 14,
776 2694 817 2732 et
846 2702 885 2732 v.
906 2692 958 2730 12
975 2702 1037 2744 sq.
1065 2693 1167 2744 post
1195 2702 1234 2732 v.
1255 2692 1308 2731 15
1325 2702 1386 2744 sq.
1418 2690 1543 2745 sequi
1572 2689 1772 2733 debuisse

194 2752 249 2790 10
288 2746 437 2790 uiride
475 2761 519 2802 p.
552 2761 595 2791 U.
628 2749 742 2791 coni.
767 2747 870 2791 Bue
1012 2751 1062 2789 11
1102 2748 1262 2802 portas
1301 2748 1432 2791 malit
1466 2747 1687 2791 Heinsius
1724 2749 1860 2804 aptas

189 2807 428 2851 Jacobsius
563 2811 615 2848 12
650 2805 875 2849 scintilles
908 2805 1129 2850 Heinsius
1165 2805 1391 2849 scintillet
1419 2815 1457 2862 ψ
1497 2805 1699 2849 scintille
1738 2807 1860 2851 Voss.

194 2865 452 2908 scintillent
482 2881 507 2921 χ
617 2867 687 2908 est
716 2875 753 2920 ψ
787 2879 810 2908 e
843 2866 982 2909 Bern.
1090 2865 1201 2909 ‘nisi
1229 2866 1343 2919 forte
1367 2866 1638 2921 probitatem
1668 2867 1861 2910 carbun-

191 2926 343 2970 culum
365 2925 574 2968 habueris
597 2925 676 2981 qui
704 2925 952 2969 scintillare
975 2924 1153 2968 debeat’
1187 2925 1510 2980 interpretatur
1533 2924 1649 2979 Bue,
1678 2926 1721 2969 si
1746 2939 1864 2970 sana

284 3007 416 3039 Scaen.
439 3016 540 3046 poes.
563 3006 670 3040 Rom.
694 3006 830 3046 fragm.
854 3007 911 3039 ed.
935 3006 1128 3040 Rmnnox.
1151 3006 1202 3039 11.
1542 3002 1598 3041 24
