2060 3140
422 161 863 208 ANONYMORVM
892 164 1185 210 MIMORVM
1215 165 1537 220 RELIQVIAE
1564 150 1568 153 ⁵
1703 168 1811 222 385

868 318 1074 366 XXXIV

245 397 442 452 Seneca
472 404 707 454 controv.
731 400 784 454 II
815 402 851 454 4
882 400 1003 474 (12)
1034 422 1083 471 p.
1106 403 1210 455 154
1240 403 1309 456 M.
1343 405 1484 457 ‘uere
1519 406 1804 460 mimicae

129 486 415 557 nuptiae,
476 488 531 540 in
590 489 783 558 quibus
841 493 984 543 ante
1042 491 1101 542 in
1164 491 1523 545 cubiculum
1577 494 1804 547 riualis

131 574 311 627 uenit
358 594 538 644 quam
584 578 885 631 maritus?

249 690 504 747 nuptiae,
545 691 602 734 in
632 693 874 737 Madvicus
908 694 1119 750 nustis,
1149 697 1370 750 nustus,
1409 696 1613 753 nostis,
1649 697 1802 742 natis

128 748 264 793 codd.
329 748 394 795 Cf.
427 750 660 794 Iuvenalis
692 751 755 795 VI
785 758 856 796 44.

879 935 1061 982 XXXV

242 1027 439 1082 Seneca
478 1030 540 1082 de
579 1030 842 1084 breuitate
882 1032 1027 1085 uitae
1070 1034 1151 1103 12,
1184 1035 1215 1086 8
1256 1034 1301 1085 ‘i
1338 1052 1479 1086 nunc
1516 1037 1570 1087 et
1609 1036 1801 1089 mimos

125 1117 299 1189 multa
337 1118 553 1170 mentiri
585 1118 652 1170 ad
682 1119 1103 1188 exprobrandam
1142 1122 1406 1174 luxuriam
1443 1126 1587 1191 puta.
1646 1124 1802 1193 plura

124 1205 455 1259 mehercules
493 1210 831 1275 praetereunt
864 1227 1023 1277 quam
1055 1209 1266 1280 fingunt
1304 1213 1356 1262 et
1394 1213 1542 1263 tanta
1579 1211 1801 1265 incredi—

127 1293 323 1346 bilium
360 1294 618 1347 uitiorum
658 1296 810 1364 copia
848 1296 1123 1366 ingenioso
1163 1298 1219 1350 in
1255 1298 1356 1350 hoc
1394 1317 1559 1351 unum
1589 1301 1798 1354 saeculo

125 1382 409 1452 processit,
462 1385 524 1435 ut
572 1383 678 1435 iam
724 1383 1009 1437 mimorum
1055 1403 1274 1455 arguere
1318 1386 1581 1454 possimus
1624 1388 1802 1459 negle-

123 1471 400 1542 gentiam?

188 1622 192 1626 ,
244 1572 438 1616 Mimum
471 1566 763 1628 Vespasiano
802 1575 1046 1639 praesente
1085 1574 1133 1617 in
1171 1574 1380 1618 Marcelli
1417 1574 1601 1620 theatro
1640 1579 1798 1621 actum

122 1627 289 1675 narrat
319 1631 597 1675 Plutarchus
631 1632 687 1675 de
720 1631 820 1676 soll.
847 1631 983 1676 anim
1012 1637 1065 1676 19
1095 1648 1139 1689 p.
1166 1636 1266 1677 973
1279 1633 1330 1677 Ε.
1454 1634 1547 1677 ‘Ex
1576 1634 1797 1680 Atellana

124 1690 326 1734 mimove
360 1692 442 1734 aut
472 1689 729 1734 comoedia’
765 1684 998 1757 sumptum
1030 1705 1057 1735 a
1089 1684 1319 1736 Frontone
1349 1691 1430 1736 fer.
1458 1693 1552 1737 Als.
1583 1698 1608 1737 3
1638 1709 1682 1751 p.
1708 1698 1793 1739 226

129 1749 250 1794 Nab.
268 1749 340 1793 de
371 1749 609 1793 Hadriano
642 1749 812 1794 senarii
842 1749 1041 1793 frustum

416 1844 424 1852 .
458 1808 759 1865 prandiorum
790 1810 1046 1865 opimorum
1078 1822 1254 1853 esorem
1284 1809 1509 1866 optimum

122 1866 328 1910 coniecit
357 1867 454 1910 Bue
485 1882 600 1911 mus.
625 1867 770 1911 Rhen.
797 1873 866 1923 35,
892 1873 988 1912 394.

244 1925 408 1979 Idem
395 1941 444 1969 111
470 1926 585 1970 actis
608 1929 863 1983 martyrum
887 1926 1162 1979 Theodorici
1177 1926 1374 1970 Ruinart
1397 1940 1536 1984 opera
1560 1941 1614 1972 ac
1637 1928 1792 1973 studio

120 1983 335 2028 collectis
375 1985 602 2041 (Veronae
635 1991 746 2029 1731
787 2001 830 2042 p
857 1982 940 2030 2'36
967 1987 1048 2042 sq.)
1089 1999 1207 2041 quae
1247 1985 1303 2029 de
1342 1985 1510 2030 Sancto
1552 1985 1792 2031 Genesio

128 2042 375 2100 ‘magistro
407 2043 774 2101 mimithymelae
806 2044 936 2088 artis’
977 2043 1236 2088 Christiana
1266 2044 1487 2100 mysteria
1516 2059 1599 2102 per
1627 2045 1793 2090 mimos

125 2101 348 2146 irridente
390 2105 637 2146 narrantur
683 2103 921 2148 indicavit.
993 2103 1082 2147 Sed
1125 2105 1171 2146 et
1214 2103 1329 2147 haec
1371 2105 1418 2147 et
1462 2103 1575 2159 alia,
1623 2103 1792 2159 quibus

125 2160 371 2205 mimorum
393 2161 588 2206 lascivia
612 2162 901 2219 describitur,
926 2161 1195 2206 testimonia
1216 2161 1306 2217 hic,
1329 2161 1410 2205 ubi
1433 2176 1526 2206 non
1549 2162 1598 2205 id
1622 2162 1790 2219 agitur,

125 2221 179 2263 ut
205 2220 614 2279 gener-isuniVersi
637 2223 805 2265 natura
830 2223 876 2265 et
899 2220 1094 2265 historia
1119 2220 1428 2277 adumbretur,
1455 2222 1795 2277 praetereunda

121 2291 226 2323 esse
257 2279 427 2324 censui.
438 2292 451 2317 ι

211 3021 344 3054 Scaea.
367 3030 467 3061 poes.
491 3022 596 3055 Rom.
620 3022 753 3063 fragm.
776 3021 833 3054 ed.
858 3020 1047 3052 Rtmsucx.
1082 3020 1131 3052 IL
1472 3017 1525 3057 26
