2060 3140
225 145 328 198 172
930 145 1190 190 TITINIVS

557 284 886 333 PSALTRIA
925 285 1027 333 sive
1066 285 1557 338 FERENTINATIS

341 381 405 426 Cf.
438 381 492 426 fr.
523 381 587 425 IV
617 382 651 425 Ι.
712 381 781 424 De
814 379 1062 437 compositi
1098 379 1437 425 Ferentinas
1468 381 1722 426 Psaltria
1751 380 1900 438 tituli,

221 453 359 495 quem
381 439 568 484 Wasius
600 442 648 483 et
676 439 791 483 bibl.
815 439 916 483 Lat.
942 438 1007 482 ΠΙ
1029 443 1116 483 240
1138 438 1379 483 Fabricius
1405 441 1683 498 statuerunt,
1714 440 1898 484 ratione

221 499 277 543 cf.
309 498 592 543 Ritschelius
622 498 807 554 Parerg.
840 498 861 541 Ι
894 502 992 543 165.

1043 601 1071 655 Ι

134 705 190 744 85
221 690 578 744 Ferentinatis
613 691 845 761 p6pulus
883 709 968 744 res
1008 689 1251 744 Graecas⁴
1271 691 1462 745 studet.

338 791 604 836 Priscianus
649 806 694 849 p.
728 796 814 836 629
852 791 902 836 Ρ.
954 791 1175 836 ‘Titinius
1220 791 1271 836 in
1315 792 1539 838 Psaltria:
1585 792 1901 838 Ferentinatis

223 864 260 896 e.
295 865 337 906 q.
373 865 407 897 s.
472 851 572 908 ‘pro
604 850 910 896 Ferentinas.’
973 865 1017 907 p.
1053 855 1137 895 762
1168 852 1218 896 P.
1255 851 1487 908 ‘Arpinas,
1519 851 1712 897 Ardeas.
1775 853 1901 908 quod

223 912 379 954 autem
415 923 499 966 per
538 923 790 967 syncopam
826 910 942 954 haec
979 910 1296 967 proferuntur,
1335 910 1759 956 uetustissimorum
1788 926 1902 956 usus

222 969 496 1025 comprobat
528 1005 537 1013 .
566 1006 574 1014 .
602 1006 611 1014 .
639 1005 648 1014 .
682 968 884 1013 Titinius
915 969 965 1012 in
995 969 1219 1015 Psaltria:
1249 969 1582 1014 Ferentinatis’
1617 983 1654 1015 e.
1688 985 1731 1026 q.
1766 985 1800 1015 s.

306 1063 312 1071 '
339 1070 509 1114 graeca
539 1074 573 1101 ω
599 1071 649 1115 p.
675 1062 760 1101 629
792 1063 834 1102 et
864 1057 1012 1116 Bony.
1038 1072 1087 1114 p.
1124 1062 1221 1103 762.
1248 1047 1275 1058 “

1035 1196 1087 1244 Π

133 1294 190 1333 86
202 1292 247 1336 17
265 1280 457 1334 Manus
493 1280 675 1351 lauite,
711 1279 979 1351 muliereS‚
1017 1283 1072 1333 et
1110 1280 1285 1350 capita
1321 1280 1518 1334 uelate!
1559 1323 1780 1336 .....

338 1381 519 1426 Nonius
551 1385 651 1438 504,
684 1385 738 1424 21
775 1380 903 1425 ‘inde
934 1380 1214 1438 imperatiuo
1245 1381 1384 1426 modo
1416 1381 1600 1426 lauite
1631 1381 1761 1428 facit.
1822 1382 1902 1427 Ti—

221 1441 367 1485 tinius
399 1439 624 1486 Psaltria:
655 1441 839 1484 manus’
874 1453 911 1484 e.
947 1455 990 1496 q.
1024 1454 1058 1485 s,

339 1529 501 1574 Malui
537 1530 821 1574 octonarium
858 1529 1102 1574 iambicum
1131 1529 1400 1574 continuare
1429 1543 1567 1586 quam
1597 1531 1817 1575 dissecare
1846 1536 1901 1576 ut

220 1589 329 1633 olim
351 1590 545 1634 duorum
566 1602 774 1633 versuwm
795 1589 948 1643 frusta
969 1601 1135 1631 manus
1151 1587 1197 1644 1.‚
1221 1587 1452 1644 mulieres,
1475 1588 1537 1632 Et
1553 1589 1712 1646 capita
1728 1588 1898 1634 uelate.

308 1661 474 1691 manus
504 1646 672 1691 Lauite
704 1647 1001 1692 Hermannus
1153 1646 1369 1691 mulieres
1402 1647 1458 1691 H
1461 1647 1475 1673 ¹
1504 1646 1713 1692 mulieris
1744 1665 1780 1705 φ

220 1705 378 1763 capita
409 1706 482 1750 Η1
513 1705 667 1763 capite
698 1723 734 1764 φ

1020 1785 1099 1833 ΠΙ

1192 1854 1451 1926 grauique
1490 1855 1715 1908 obs6ni0

223 1928 491 1982 Conuiuas

337 2030 518 2074 Nonius
550 2035 650 2087 314,
685 2034 739 2074 16
774 2029 977 2086 ‘graue
1007 2029 1220 2086 multum,
1251 2028 1393 2073 ualde
1426 2029 1688 2086 significare
1719 2032 1902 2074 ueteres

219 2089 434 2145 probant.
497 2089 700 2135 Titinius
731 2088 957 2134 Psaltria:
987 2087 1214 2146 grauique
1247 2102 1288 2133 o.
1321 2089 1377 2133 c.'

342 2183 364 2221 1
389 2192 450 2236 sq.
485 2176 726 2222 conuiuias
759 2178 831 2221 H¹
863 2176 1078 2221 conurias
1109 2176 1283 2223 BGP¹
1400 2177 1481 2222 An
1509 2178 1758 2234 septenarii
1786 2178 1903 2227 iam—

224 2238 314 2282 bici
343 2239 493 2283 exitus
522 2242 585 2282 est
615 2235 843 2293 grauique
875 2235 1071 2281 obs6nio
1103 2237 1357 2281 conuiuas?

1026 2374 1100 2423 IV

137 2472 193 2511 90
227 2502 237 2512 .
278 2502 288 2511 .
328 2459 654 2530 saniculam,
692 2458 1034 2529 cerebellum,
1071 2457 1225 2510 lactis
1264 2457 1485 2528 agninas
1524 2500 1535 2510 .
1576 2500 1588 2511 .

339 2560 604 2605 Priscianus
634 2575 679 2618 p.
706 2564 791 2605 686
815 2560 864 2604 Ρ.
893 2560 1000 2603 ‘hae
1031 2558 1215 2603 lactes
1245 2560 1403 2615 partes
1435 2560 1545 2602 sunt
1574 2558 1902 2603 intestinorum

225 2655 234 2662 .
263 2655 307 2663 ..
342 2619 472 2663 cuius
512 2620 748 2677 singulare
785 2619 924 2663 haec
963 2617 1139 2662 lactis
1179 2618 1263 2662 est.
1325 2616 1526 2661 Titinius
1558 2617 1608 2661 in
1642 2618 1903 2662 Ferenti-

221 2677 366 2723 nati:
413 2678 651 2723 farticula’
686 2692 724 2723 e.
758 2692 801 2733 q.
835 2692 869 2722 s.
932 2676 1006 2735 (in
1051 2675 1394 2722 ferentinati
1440 2676 1490 2719 in
1534 2676 1678 2721 litura
1719 2677 1903 2734 Bamb.)

223 2735 402 2780 Nonius
434 2742 534 2794 331,
561 2742 617 2781 26
651 2737 859 2781 ‘lactes
892 2736 1111 2781 dicuntur
1140 2734 1379 2780 intestina.
1442 2735 1644 2780 Titinius
1674 2735 1901 2782 Psaltria:

222 2793 460 2840 farticula’
495 2810 533 2840 e.
566 2811 610 2852 q.
643 2811 677 2841 s.

340 2882 607 2928 farticulam
631 2886 800 2929 conieci
823 2885 942 2940 (fort.
967 2882 1207 2940 gallinam.
1239 2882 1319 2927 An
1341 2882 1610 2927 farticulum
1620 2885 1658 2941 P>
1681 2882 1902 2927 ferticula

223 2941 268 2983 L
300 2940 519 2986 farticula
550 2960 586 3000 φ
618 2943 766 2988 Nonii
795 2942 1029 2999 graticula
1059 2942 1235 2986 Amicii.
1256 2942 1394 3000 Sany.
1414 2942 1576 2987 Bamb.
1595 2943 1743 3001 Bony.
1766 2942 1898 2989 Grut.
