2060 3140
223 132 329 185 378
495 131 938 177 ANONYMORVM
967 130 1264 175 MIMORVM
1293 130 1620 184 RELIQVIAE

221 286 377 337 111118,
444 270 512 319 ut
573 267 746 318 mimi
807 266 1040 335 solent,
1102 268 1163 318 et
1226 268 1513 335 optemus
1575 284 1605 317 a
1664 265 1895 318 Libero

221 375 465 425 aquam,
512 374 542 406 a
586 354 891 423 Lymphis
936 354 1187 407 uinum.'

339 470 518 514 Ibidem
540 469 605 513 VI
637 475 659 513 1
697 471 772 513 ‘ne
804 469 1096 514 absurditate
1126 469 1410 526 turpissima,
1447 469 1599 525 qualis
1629 469 1901 515 ioculariter

220 529 271 573 in
316 529 456 573 mimo
502 528 602 572 fieri
649 528 788 585 solet,
838 531 1076 585 peteretur
1124 542 1151 572 a
1197 529 1364 573 Libero
1413 543 1555 584 aqua,
1605 543 1633 572 a
1677 528 1898 586 Lymphis

220 588 382 631 uinum
423 625 430 632 .
459 624 467 632 .
495 624 503 632 .
545 588 670 643 quod
702 602 806 631 cum
836 588 889 631 fit
921 588 981 631 ab
1014 587 1269 632 scientibus
1300 587 1475 644 mimis,
1516 587 1656 644 digne
1687 588 1899 632 ridentur

219 647 270 691 in
301 647 518 691 theatro.’

1027 787 1098 834 IX

220 915 489 925 ......
531 890 561 924 0
603 871 878 923 dominum
917 889 1146 940 aequum
1185 872 1238 923 et
1276 870 1498 923 bonum!

339 987 587 1031 Suetonius
628 986 726 1031 Oct.
764 992 819 1030 53
862 985 1058 1030 ‘domini
1101 985 1467 1043 appellationem
1504 988 1558 1030 ut
1595 986 1900 1030 maledictum

220 1050 268 1092 et
300 1046 598 1103 opprobrium
629 1060 808 1102 semper
839 1045 1087 1089 exhorruit.
1143 1060 1248 1088 cum
1276 1047 1515 1101 spectante
1540 1059 1594 1089 eo
1626 1045 1761 1089 ludos
1792 1060 1896 1102 pro-

219 1106 487 1150 nuntiatum
519 1107 641 1149 esset
677 1104 728 1147 in
756 1104 919 1149 mimo:
963 1119 989 1148 o
1023 1104 1322 1148 dominum’
1358 1118 1396 1148 e.
1422 1119 1464 1160 q.
1492 1120 1525 1148 8.
1593 1106 1658 1148 ‘et
1692 1104 1898 1148 uniuersi

220 1164 356 1222 quasi
403 1165 458 1208 de
505 1164 607 1221 ipso
655 1163 832 1207 dictum
878 1163 1140 1207 exultantes
1188 1163 1588 1219 comprobassent,
1643 1165 1690 1207 et
1737 1163 1899 1208 statim

218 1239 360 1268 manu
399 1224 625 1279 uultuque
663 1222 906 1266 indecoras
947 1221 1242 1266 adulationes
1281 1222 1502 1278 repressit
1541 1224 1588 1265 et
1633 1221 1899 1278 insequenti

220 1283 295 1327 die
326 1282 601 1340 grauissimo
635 1281 857 1338 corripuit
889 1281 1076 1325 edicto.’
1132 1281 1261 1325 Idem
1289 1283 1451 1325 narrat
1483 1280 1671 1325 Orosius
1695 1282 1760 1326 VI
1791 1287 1861 1325 22.

1038 1480 1084 1527 X

330 1573 596 1642 Vopiscus
642 1570 921 1625 Aureliani
970 1589 1013 1624 0.
1044 1571 1117 1623 42
1173 1571 1260 1623 ‘ut
1312 1571 1446 1624 bene
1498 1572 1699 1624 dictum
1749 1573 1820 1625 sit
1870 1591 1900 1624 a

220 1662 450 1732 quodam
487 1661 703 1714 mimico
750 1678 934 1712 scurra
975 1658 1182 1712 Claudii
1227 1659 1387 1712 huius
1433 1660 1789 1731 temporibUS,
1836 1650 1899 1713 in

217 1769 339 1803 11110
410 1750 597 1802 anulo
666 1749 868 1802 bonos
935 1748 1262 1817 principes
1330 1767 1516 1818 posse
1581 1750 1900 1818 perscribi

220 1843 410 1909 atque
458 1837 752 1908 depingi?

345 1957 471 2000 Vnde
500 1968 653 1999 versas
682 1954 826 2009 effecit
856 1953 1110 1998 Salmasius
1139 1954 1238 1998 hos:
1279 1951 1329 1995 in
1361 1952 1501 1996 anulo
1533 1967 1625 1997 uno
1663 1953 1897 2010 principes

217 2016 414 2072 possunt
443 2013 556 2057 boni
585 2012 735 2057 Scribi
766 2014 907 2068 atque
938 2011 1082 2069 pingi.
1131 2012 1282 2057 Aliter
1307 2014 1598 2069 transpositis
1626 2014 1771 2058 verbis
1801 2015 1899 2058 alia

219 2076 339 2130 effici
366 2078 572 2130 possunt.

1023 2211 1094 2258 XI

332 2303 502 2356 Iulius
537 2303 871 2372 Capitolinus
911 2303 974 2354 de
1013 2305 1124 2355 vita
1161 2301 1233 2354 M.
1264 2300 1527 2355 Antonini
1559 2304 1628 2355 29
1670 2303 1901 2355 ecrimini

221 2393 269 2445 ei
317 2393 500 2445 datum
547 2395 627 2444 est
675 2391 819 2460 quod
864 2391 1132 2443 adulteros
1177 2391 1361 2443 uxoris
1405 2392 1736 2460 promouerit
1779 2391 1902 2443 Ter-

219 2482 417 2534 tullum
479 2484 533 2533 et
584 2480 816 2534 Vtilium
878 2483 930 2532 et
984 2478 1271 2548 Orphitum
1334 2483 1386 2532 et
1439 2479 1774 2532 Moderatum
1835 2480 1899 2533 ad

219 2570 398 2622 uarios
444 2569 674 2626 honores
683 2612 696 2639 ,
750 2587 872 2621 cum
917 2567 1217 2620 Tertullum
1273 2570 1325 2620 et
1378 2569 1725 2637 prandentem
1779 2587 1901 2621 cum

220 2676 387 2710 uxore
427 2656 844 2726 deprehenderit.
923 2656 986 2708 de
1033 2674 1138 2724 quo
1177 2656 1374 2708 mimus
1420 2657 1476 2708 in
1522 2674 1709 2708 scaena
1753 2675 1900 2725 prae-

220 2749 368 2798 sente
415 2744 691 2798 Antonino
745 2745 902 2797 dixit:
957 2762 1078 2796 cum
1133 2744 1378 2813 stupidus
1430 2763 1624 2797 nomen
1674 2746 1900 2798 adulteri

220 2834 404 2886 uxoris
451 2853 481 2886 a
526 2851 680 2886 seruo
730 2835 1007 2901 quaereret
1054 2835 1107 2884 et
1151 2832 1242 2884 ille
1297 2832 1493 2885 diceret
1546 2835 1628 2884 ter
1674 2833 1898 2885 Tullus

221 2925 274 2974 et
314 2922 484 2974 adhuc
523 2921 769 2990 stupidus
809 2923 1106 2989 quaereret,
1144 2921 1418 2989 respondit
1455 2921 1568 2973 ille:
1614 2922 1734 2974 iam
1772 2922 1898 2974 tibi
