2060 3140
267 141 337 192 74
810 139 1118 185 GAECILIVS
1150 140 1369 186 STATIV
1372 140 1401 184 S

276 275 375 329 Cui
413 276 630 329 fortuna
669 279 723 328 et
759 293 843 328 res
881 276 1024 328 nuda
1062 278 1164 346 est,
1202 249 1454 345 continuo
1492 277 1653 344 patet.

263 364 406 418 Nam
446 364 698 433 opulento
737 363 934 415 famam
973 363 1127 415 facile
1167 363 1398 415 occultat
1434 363 1612 415 136110.

390 464 569 508 Gellius
601 464 644 507 Π
675 469 751 520 23,
788 468 844 507 14
885 463 1018 519 ‘quid
1061 464 1118 507 de
1160 463 1244 508 illo
1287 476 1470 519 quoque
1511 462 1614 507 1060
1655 463 1706 506 111
1746 465 1944 519 utraque

266 522 512 568 comoedia
551 522 705 579 posito
747 521 1004 566 existimari
1035 523 1208 566 debeat
1236 521 1538 575 manifestum
1568 523 1660 579 est,
1692 522 1821 566 cuius
1853 521 1946 566 1061

269 583 386 626 11366
417 581 562 625 1611116
595 580 841 625 sententia.
903 581 1058 625 Filia
1088 580 1332 625 hominis
1367 580 1636 637 pauperis
1667 581 1725 625 in
1754 580 1945 638 perui-

267 641 412 698 gilio
444 639 664 684 uitiata
695 642 793 706 est.
856 640 933 684 Ea
963 654 1052 684 res
1085 640 1230 685 clam
1258 641 1478 707 patrem
1507 638 1642 696 fuit3
1686 642 1743 684 et
1772 640 1947 683 habe-

262 700 432 743 batur
476 713 575 756 pro
623 698 863 756 uirgine.
941 700 1018 743 Ex
1064 713 1126 743 eo
1172 698 1318 743 uitio
1366 697 1608 765 grauida
1652 699 1946 743 mensibus

263 757 488 803 exactis
525 758 793 814 parturit.
858 758 1064 802 Seruus
1104 758 1287 802 bonae
1318 756 1492 814 frugi,
1525 771 1645 800 cum
1673 772 1771 814 pro
1803 757 1947 801 1011-

261 818 365 861 bus
399 817 592 861 domus
626 819 809 861 staret
841 819 896 861 et
925 817 1312 874 propinquare
1349 818 1575 874 partum
1614 816 1748 860 erili
1778 816 1948 860 filiae

268 879 439 932 atque
479 876 702 920 omnino
746 876 952 920 uitium
984 890 1105 921 esse
1139 876 1394 921 oblatum
1423 875 1741 932 ignoraret,
1772 874 1949 932 gemi-

265 938 384 979 tum
407 937 462 979 et
483 935 772 991 ploratum
796 936 959 979 audit
980 936 1214 993 puellae
1238 935 1294 979 111
1317 933 1617 992 puerperio
1643 933 1947 979 enitentis:

266 994 434 1038 timet
463 993 743 1038 irascitur
774 994 1105 1051 suspicatur
1135 994 1438 1038 miseretur
1469 993 1640 1037 dolet.
1695 993 1757 1036 Hi
1789 1005 1947 1037 omnes

265 1055 422 1097 motus
462 1052 561 1096 eius
602 1053 965 1109 affectionesque
1005 1053 1149 1097 animi
1186 1053 1236 1096 in
1268 1053 1446 1097 Graeca
1485 1052 1674 1108 quidem
1706 1051 1949 1097 comoedia

262 1111 547 1156 mirabiliter
579 1126 707 1156 acres
740 1115 787 1156 et
817 1111 1036 1169 illustres,
1071 1113 1220 1169 apud
1252 1111 1565 1157 Caecilium
1596 1114 1753 1155 autem
1782 1111 1949 1168 pigra

264 1171 450 1215 istaec
475 1171 662 1215 omnia
687 1173 742 1215 61
768 1186 796 1215 3
817 1185 1001 1215 16111111
1025 1171 1317 1229 dignitate
1345 1174 1515 1227 atque
1546 1170 1738 1227 gratia
1769 1184 1950 1214 uacua

266 1232 408 1274 sunt
470 1230 606 1274 Post
651 1230 749 1274 ubi
794 1230 942 1274 idem
987 1244 1185 1274 seruus
1230 1230 1622 1287 percontando
1670 1230 1820 1285 quod
1860 1243 1949 1273 ac-

263 1288 486 1333 ciderat
516 1289 795 1365 repperit,
827 1290 913 1334 has
945 1290 1071 1346 apud
1102 1290 1411 1364 Menandrum
1440 1302 1578 1333 uoces
1603 1288 1719 1332 facit
1744 1291 1849 1347 (404
1872 1288 1946 1345 K.)

529 1344 563 1392 ὦ
594 1349 692 1405 τρὶς
722 1351 1045 1405 κακοδαίμων·
1080 1347 1201 1399 οστις
1233 1347 1297 1393 (ὸν
1326 1346 1473 1421 πένης
1507 1355 1648 1404 γαμεῖ

532 1408 613 1451 καὶ
644 1407 989 1458 παιδοποιεῖθῖ
1023 1409 1083 1460 ὡς
1113 1405 1351 1482 ἀλόγιστός
1382 1404 1470 1451 ἐστ’
1511 1406 1654 1463 ἀνήρ,

534 1465 585 1517 ὃς
616 1466 728 1522 μήτε
759 1467 975 1523 φυλακὴν
1007 1475 1098 1511 τῶν
1130 1465 1401 1524 ἀναγκαίων
1434 1465 1550 1523 ἔχει,

531 1523 640 1581 μήτ’
676 1524 736 1570 ἂν
767 1526 1001 1583 ἀτυχήσας
1033 1526 1097 1577 εἰς
1126 1525 1184 1569 τὰ
1216 1525 1353 1570 κοινὰ
1383 1532 1465 1569 τοῦ
1499 1523 1603 1584 βίου

534 1584 820 1659 ἐπαμφιέσαι
851 1585 1043 1630 δύναιτο
1075 1592 1210 1630 τοῦτο
1243 1584 1484 1642 χρήμασιν,

500 1641 635 1687 ’ἀλλ’
672 1643 723 1688 ἐν
755 1644 1003 1704 ἀκαλύπτῳ
1036 1645 1115 1688 καὶ
1145 1644 1421 1703 ταλαιπώρῳ
1455 1640 1537 1703 βίῳ

533 1702 880 1776 χειμαζόμενος
894 1705 968 1761 ζῇ,
999 1710 1091 1747 τῶν
1123 1702 1221 1777 μὲν
1239 1704 1447 1757 ἀνιαρῶν
1480 1689 1597 1775 ἔχων

530 1761 584 1804 τὸ
617 1759 752 1818 μέρος
783 1760 1019 1819 ἀπαντῶν,
1051 1770 1143 1806 τῶν
1175 1760 1221 1806 δ’
1257 1762 1457 1819 ἀγαθῶν
1489 1759 1629 1806 οὐδὲν
1660 1758 1818 1819 μέρος·

535 1819 651 1876 ὑπὲρ
685 1820 771 1877 γὰρ
807 1820 908 1872 ἑνὸς
939 1822 1091 1878 ἀλγῶν
1123 1819 1336 1872 ἅπαντας
1370 1823 1596 1865 νουθετῶ.

271 1878 346 1922 Ad
360 1879 526 1923 horum
543 1881 701 1923 autem
718 1879 1036 1923 sinceritatem
1058 1879 1398 1936 ueritatemque
1423 1879 1671 1923 uerborum
1695 1892 1756 1921 an
1774 1876 1950 1934 aspir-a

272 1937 395 1981 uerit
434 1937 664 1982 Caecilius
704 1938 1061 1984 consideremus
1123 1939 1294 1984 Versus
1335 1940 1443 1982 sunt
1480 1937 1531 1981 hi
1571 1936 1743 1982 Caecili
1785 1939 1951 1980 trunca

273 1997 506 2052 quaedam
546 2011 602 2051 ex
639 1997 896 2042 Menandro
933 1997 1131 2042 dicentis
1164 2000 1212 2042 et
1242 1995 1574 2042 consarcientis
1605 1996 1751 2040 uerba
1781 1995 1951 2053 tragici

272 2055 492 2101 tumoris:
539 2056 587 2099 is
636 2057 876 2100 demum’
911 2071 948 2101 e.
982 2072 1024 2113 q.
1059 2072 1093 2101 s.
1159 2057 1362 2113 ε11311116,
1408 2058 1463 2099 'ut
1502 2069 1641 2112 supra
1679 2054 1798 2111 dixi,
1847 2069 1952 2098 cum

272 2115 388 2159 haec
421 2114 595 2159 Caecili
627 2129 833 2159 seorsum
863 2116 983 2173 lego,
1015 2130 1074 2160 ne
1105 2115 1320 2172 utiquam
1349 2115 1569 2159 uidentur
1599 2114 1787 2171 ingrata
1817 2113 1951 2171 18113-

273 2188 445 2230 uaque;
494 2188 599 2218 cum
642 2177 800 2218 autem
843 2174 1021 2219 Graeca
1064 2189 1281 2231 comparo
1325 2176 1372 2218 61
1414 2173 1665 2229 contendo,
1709 2187 1804 2216 non
1834 2175 1949 2229 puto

273 2233 527 2277 Caecilium
551 2233 683 2289 sequi
708 2233 924 2278 debuisse
948 2234 1074 2290 quod
1093 2233 1277 2289 assequi
1293 2232 1539 2288 nequiret.’
1577 2231 1757 2276 Nonius
1775 2236 1875 2288 304,
1895 2236 1949 2275 28

275 2291 479 2336 ‘factio
518 2291 688 2336 iterum
719 2292 952 2350 significat
983 2292 1293 2350 opulentiam,
1333 2290 1673 2335 abundantiam
1705 2293 1752 2335 61
1780 2290 1950 2334 nobili-

271 2353 490 2396 tatem..
518 2389 527 2397 .
554 2351 841 2396 Caecilius
865 2351 1269 2395 Filiuminalta
1300 2364 1494 2394 eorum
1524 2350 1730 2394 famam
1761 2350 1950 2394 occul-

271 2410 436 2454 tabat
477 2410 694 2455 factio.'
759 2410 825 2455 Cf.
857 2410 1056 2455 Philum.
1089 2411 1144 2454 II.
1205 2409 1363 2454 Facile
1394 2409 1484 2453 tibi
1513 2409 1797 2466 persuadeas
1829 2408 1951 2452 exci-

273 2468 395 2512 disse
432 2468 735 2514 Philumenae
773 2469 928 2513 locum
966 2471 1014 2513 61
1059 2483 1244 2514 versum
1288 2474 1316 2512 4
1362 2468 1413 2512 in
1457 2468 1530 2512 his
1571 2468 1741 2524 latere,
1788 2469 1951 2512 contra

276 2527 420 2571 sentit
451 2528 704 2572 Grauertus
734 2528 870 2573 Anal.
905 2533 1003 2573 110.

392 2620 414 2658 1
447 2615 786 2661 infortunatust
816 2617 1080 2675 Spenyelius
1111 2618 1182 2660 est
1211 2615 1529 2659 infortunatus
1562 2633 1596 2659 ω
1628 2614 1947 2659 infortunatus

273 2676 345 2717 est
374 2676 469 2719 edd.
502 2681 600 2720 vett.
722 2676 860 2720 homo
892 2677 1087 2733 Pauper,
1120 2674 1201 2731 qui
1230 2676 1364 2733 vulgo
1500 2679 1525 2718 2
1560 2676 1828 2730 egestate9

274 2737 299 2775 3
331 2734 385 2776 ut
408 2736 479 2777 est
503 2734 602 2779 Vat.
627 2735 737 2793 Rey.
756 2735 894 2791 Rott„
919 2737 1107 2780 correxi.
1140 2735 1212 2778 est
1234 2735 1289 2777 ut
1314 2747 1340 2781 ς
1364 2735 1418 2777 111
1440 2735 1493 2776 111
1517 2735 1589 2777 est
1611 2735 1719 2778 olim
1741 2734 1951 2778 dederam

361 2794 498 2877 patet}
529 2822 652 2867 Rott.
751 2827 779 2865 4
809 2822 981 2867 famem
1011 2823 1135 2868 Rott.
1233 2821 1422 2865 facilem
1452 2811 1575 2866 Rott.
1617 2821 1716 2866 Vat.
1750 2821 1860 2878 Rey.

274 2879 368 2924 Hie
412 2882 659 2925 versiculus
703 2883 830 2937 apud
874 2883 1081 2927 Nonium
1112 2885 1211 2937 304,
1245 2885 1300 2924 28
1343 2882 1523 2925 videtur
1560 2881 1715 2936 latere,
1754 2881 1835 2924 ubi
1881 2878 1951 2923 ita

275 2951 433 2982 eorum
462 2939 638 2983 famam
669 2940 939 2984 occultabat
968 2940 1125 2984 factio.
1189 2940 1300 2985 Vide
1330 2954 1472 2996 supra
