2060 3140
272 143 380 196 284
674 145 723 189 L.
754 144 1104 189 POMPONIVS
1135 143 1539 190 BONOMENSIS

1078 283 1131 330 II

275 366 408 419 Cum
448 367 823 420 contubernale
860 367 1120 437 pugnaui,
1162 367 1288 435 quia
1325 368 1497 420 meam
1537 385 1720 421 cenam
1759 406 1778 421 .›
1811 411 1821 421 .
1863 411 1873 421 .

390 466 624 511 Charisius
663 481 707 522 p.
735 471 790 510 99
821 466 871 510 Ρ.
908 467 1340 511 ‘contubernale
1378 467 1661 524 Pomponius
1699 468 1751 512 in
1787 469 1951 513 Macco

272 526 444 571 milite:
476 539 581 569 cum
611 538 665 581 c.‚
696 524 864 582 inquit,
895 525 1118 583 pugnaui,
1149 525 1264 581 quia
1292 542 1352 571 m.
1385 527 1442 572 c.’

390 613 682 669 Septenarius
710 614 780 657 vel
810 615 1030 659 iambicus
1059 616 1128 659 vel
1158 616 1477 671 anapaesticus
1618 615 1951 660 contubernale

272 673 366 717 cod.
407 674 526 729 quod
571 671 922 716 contubernalei
965 675 1073 718 olim
1113 676 1434 731 interpretatus
1475 689 1618 731 eram,
1663 680 1716 719 ut
1762 674 1951 718 annalei

271 732 389 775 idem
421 732 658 776 Romanus
681 746 730 788 p.
757 735 812 774 97
843 739 1076 788 memorat,
1117 734 1332 778 disertum
1370 738 1520 778 autem
1557 735 1610 778 de
1648 735 1794 778 vocali
1829 735 1951 778 testi-

273 791 474 834 mouium
504 791 621 834 deest
650 796 838 847 utroque
869 792 984 848 loeo,
1022 806 1105 836 uec
1134 793 1313 837 decerni
1335 798 1483 849 potest
1512 794 1704 837 ablativi
1736 794 1952 837 termina-

272 850 437 893 tionem
458 854 613 893 utrum
645 850 824 917 Zouqam
847 864 911 894 au
934 852 1103 895 brevem
1129 852 1286 896 haberi
1305 852 1500 896 voluerit
1523 857 1671 908 poeta.
1705 851 1951 895 contuber-

272 907 380 952 nale
412 921 498 964 ego
530 908 728 952 Bothius
756 909 810 952 iu
838 911 1018 954 senario
1153 925 1182 966 q
1216 911 1258 954 h
1288 924 1322 955 e.
1356 909 1467 966 quia
1497 912 1591 955 cod.
1626 910 1752 966 quod
1782 912 1847 955 ed.
1874 925 1952 966 pr

274 966 355 1022 qui
386 968 500 1012 eoui.
520 967 716 1023 Keilius,
747 982 841 1012 ‘nou
871 968 998 1013 male.
1104 969 1167 1013 Iu
1195 971 1323 1014 eoeitu
1351 984 1504 1014 versus
1536 969 1722 1013 cenauit
1749 971 1954 1035 supplefi

269 1031 426 1082 potest.
557 1026 850 1071 Seuariorum
886 1028 1041 1082 frusta
1080 1042 1184 1071 cum
1223 1028 1556 1072 contubernale
1593 1028 1803 1085 pugnaui
1841 1027 1956 1083 quia

274 1085 429 1128 Meam
452 1084 641 1128 cenauit
662 1098 827 1129 cenam
843 1100 1014 1142 param
1036 1100 1267 1132 numerose
1285 1089 1520 1132 distribuit
1539 1088 1798 1160 Hauptius
1795 1088 1951 1131 Herm.

273 1144 338 1187 II
363 1147 460 1188 216.
526 1143 719 1189 Cretieos
754 1146 867 1189 tales
907 1146 1048 1200 atque
1087 1159 1191 1189 cum
1222 1146 1554 1190 contubernale
1592 1145 1823 1203 pugnaui,
1863 1145 1954 1198 Qui

273 1215 426 1245 meam
458 1203 620 1246 cenam
652 1203 852 1261 [edendo
883 1204 1024 1247 fidem
1052 1204 1214 1263 fregit]
1246 1205 1390 1260 effecit
1419 1206 1523 1249 Bae

772 1371 1033 1420 MAOOVS
1074 1372 1460 1430 SEQVESTER

276 1467 462 1530 Simile
501 1473 602 1539 est,
649 1471 800 1540 quasi
845 1489 965 1524 cum
1011 1472 1070 1524 in
1107 1470 1252 1524 caelo
1299 1471 1463 1542 fulgit
1506 1471 1727 1541 propter
1770 1471 1954 1523 lunam

1508 1560 1711 1613 lucifer.

391 1658 571 1702 Nonius
605 1665 705 1716 506,
738 1664 764 1703 8
800 1660 998 1718 ‘fulgit
1030 1675 1114 1717 pro
1145 1660 1298 1718 fulget
1330 1697 1338 1705 .
1366 1696 1374 1704 .
1403 1696 1412 1704 .
1443 1660 1726 1717 Pomponius
1757 1659 1954 1704 Maccho

274 1721 530 1773 sequestre:
565 1718 715 1762 simile
748 1721 836 1763 est’
865 1733 901 1764 e.
929 1735 972 1775 q.
999 1735 1032 1764 S.

391 1807 526 1863 quasi
557 1808 621 1851 M
630 1808 667 1852 O
705 1822 821 1863 quas
854 1826 888 1852 co

860 1960 1121 2011 MAOOVS
1160 1961 1366 2011 VIRGO

274 2060 606 2113 praeteriens
643 2061 783 2113 uidit
821 2060 1160 2130 Dossennum
1198 2062 1255 2114 in
1292 2061 1418 2114 ludo
1457 2060 1894 2113 reuerecunditer·

273 2148 399 2202 Non
431 2148 706 2202 docentem
738 2149 1174 2220 condiscipulum,
1211 2151 1401 2202 uerum
1435 2149 1758 2218 scalpentem
1795 2149 1954 2201 natis

392 2249 572 2294 Nonius
597 2254 698 2305 516,
724 2254 778 2292 22
814 2250 1333 2294 ‘reuerecunditer’
1365 2249 1743 2307 (‘uerecunditer’
1770 2250 1955 2307 BaHL)

278 2308 577 2365 ‘Pomponius
616 2308 846 2352 Maccho
890 2308 1138 2366 uirgine:
1177 2309 1481 2366 praeteriens’
1516 2323 1554 2353 e.
1580 2323 1623 2364 q.
1650 2323 1683 2353 s,
1747 2311 1954 2366 (macco

274 2367 483 2424 plerique
502 2367 756 2411 secundum
773 2367 1123 2420 Quicheratium
1135 2367 1372 2425 Virgine
1388 2367 1585 2412 Bothius
1602 2367 1883 2424 uirginem
1899 2370 1953 2424 ω)

395 2461 417 2499 1
451 2455 552 2499 uidi
576 2456 774 2500 Bothius
874 2456 1167 2500 Dossennum
1188 2457 1385 2501 Bothius
1415 2457 1685 2500 dossensum
1707 2457 1785 2501 Ba
1817 2456 1954 2499 duos-

276 2528 460 2558 sensum
485 2533 520 2572 φ
598 2520 623 2558 2
657 2529 735 2558 cor
759 2514 1040 2572 discipulum
1063 2517 1177 2560 coui.
1194 2531 1228 2560 a·
1293 2528 1507 2559 uererum
1529 2517 1607 2560 Ba
1670 2518 1803 2559 nates
1829 2516 1959 2559 H¹P

1005 2684 1222 2732 MEVIA

275 2780 404 2833 Dies
433 2781 522 2834 hic
554 2785 760 2835 sextust
783 2785 903 2834 cum
926 2782 1066 2834 nihil
1096 2782 1196 2853 egi,
1228 2781 1311 2835 die
1336 2785 1522 2851 quarte
1547 2782 1774 2835 emoriai
1796 2782 1952 2835 fame.
2018 2858 2022 2859 ⁷

381 2880 572 2925 Gellius
595 2881 639 2925 X
670 2887 740 2938 24,
764 2887 790 2926 5
826 2882 1085 2938 ‘diequinte
1117 2882 1241 2949 enim
1272 2885 1320 2926 et
1351 2882 1581 2938 diequinti
1610 2896 1694 2939 pro
1726 2881 1951 2926 aduerbio

277 2938 493 2995 copulate
541 2940 718 2984 dictum
764 2943 854 2998 est,
903 2942 1107 2985 secunda
1150 2941 1200 2984 in
1246 2955 1300 2985 eo
1348 2941 1532 2998 syllaba
1578 2943 1790 2997 correpta
