<?xml version="1.0" encoding="UTF-8"?>
<!DOCTYPE html PUBLIC "-//W3C//DTD XHTML 1.0 Transitional//EN"
    "http://www.w3.org/TR/xhtml1/DTD/xhtml1-transitional.dtd">
<html xmlns="http://www.w3.org/1999/xhtml" xml:lang="en" lang="en">
 <head>
  <title>
</title>
<meta http-equiv="Content-Type" content="text/html;charset=utf-8" />
  <meta name='ocr-system' content='tesseract 3.04.00' />
  <meta name='ocr-capabilities' content='ocr_page ocr_carea ocr_par ocr_line ocrx_word'/>
</head>
<body>
  <div class='ocr_page' id='page_1' title='image "./scaenicaeromanor02ribbuoft_0240.png"; bbox 0 0 2060 3140; ppageno 0'>
   <div class='ocr_carea' id='block_1_1' title="bbox 246 169 1274 227">
    <p class='ocr_par' dir='ltr' id='par_1_1' title="bbox 246 169 1274 227">
     <span class='ocr_line' id='line_1_1' title="bbox 246 169 1274 227; baseline -0.015 0"><span class='ocrx_word' id='word_1_1' title='bbox 246 174 352 227; x_wconf 78' lang='lat'>228</span> <span class='ocrx_word' id='word_1_2' title='bbox 889 170 939 215; x_wconf 88' lang='lat' dir='ltr'>L.</span> <span class='ocrx_word' id='word_1_3' title='bbox 969 169 1274 213; x_wconf 82' lang='lat' dir='ltr'>AFRANIVS</span> 
     </span>
    </p>
   </div>
   <div class='ocr_carea' id='block_1_2' title="bbox 239 299 1931 422">
    <p class='ocr_par' dir='ltr' id='par_1_2' title="bbox 239 299 1931 422">
     <span class='ocr_line' id='line_1_2' title="bbox 367 299 1931 359; baseline -0.001 -11"><span class='ocrx_word' id='word_1_4' title='bbox 367 304 602 349; x_wconf 72' lang='lat' dir='ltr'>cantitant</span> <span class='ocrx_word' id='word_1_5' title='bbox 624 305 665 348; x_wconf 88' lang='lat' dir='ltr'>si</span> <span class='ocrx_word' id='word_1_6' title='bbox 687 304 858 358; x_wconf 87' lang='lat' dir='ltr'>scribis,</span> <span class='ocrx_word' id='word_1_7' title='bbox 883 303 1067 358; x_wconf 79' lang='lat' dir='ltr'>exitum,</span> <span class='ocrx_word' id='word_1_8' title='bbox 1092 301 1133 346; x_wconf 87' lang='lat' dir='ltr'>si</span> <span class='ocrx_word' id='word_1_9' title='bbox 1157 300 1456 350; x_wconf 85' lang='lat' dir='ltr'>cantitabant</span> <span class='ocrx_word' id='word_1_10' title='bbox 1476 299 1695 359; x_wconf 73' lang='lat' dir='ltr'>Scaliyeri</span> <span class='ocrx_word' id='word_1_11' title='bbox 1711 302 1931 358; x_wconf 77' lang='lat' dir='ltr'>praefers,</span> 
     </span>
     <span class='ocr_line' id='line_1_3' title="bbox 239 363 871 422; baseline -0.008 -12"><span class='ocrx_word' id='word_1_12' title='bbox 239 366 527 422; x_wconf 75' lang='lat' dir='ltr'>principium</span> <span class='ocrx_word' id='word_1_13' title='bbox 554 377 708 408; x_wconf 81' lang='lat' dir='ltr'>versus</span> <span class='ocrx_word' id='word_1_14' title='bbox 738 363 871 406; x_wconf 83' lang='lat' dir='ltr'>habes</span> 
     </span>
    </p>
   </div>
   <div class='ocr_carea' id='block_1_3' title="bbox 877 506 1316 556">
    <p class='ocr_par' dir='ltr' id='par_1_3' title="bbox 877 506 1316 556">
     <span class='ocr_line' id='line_1_4' title="bbox 877 506 1316 556; baseline 0 -2"><span class='ocrx_word' id='word_1_15' title='bbox 877 506 1316 556; x_wconf 81' lang='lat' dir='ltr'>MEGALENSIA</span> 
     </span>
    </p>
   </div>
   <div class='ocr_carea' id='block_1_4' title="bbox 153 605 1740 748">
    <p class='ocr_par' dir='ltr' id='par_1_4' title="bbox 153 605 1740 748">
     <span class='ocr_line' id='line_1_5' title="bbox 1178 605 1740 676; baseline 0.002 -19"><span class='ocrx_word' id='word_1_16' title='bbox 1178 606 1234 657; x_wconf 70' lang='lat' dir='ltr'>at</span> <span class='ocrx_word' id='word_1_17' title='bbox 1274 623 1371 676; x_wconf 86' lang='lat' dir='ltr'>ego</span> <span class='ocrx_word' id='word_1_18' title='bbox 1411 623 1528 658; x_wconf 87' lang='lat' dir='ltr'>sero</span> <span class='ocrx_word' id='word_1_19' title='bbox 1569 605 1740 658; x_wconf 76' lang='lat' dir='ltr'>sentio</span> 
     </span>
     <span class='ocr_line' id='line_1_6' title="bbox 153 694 1431 748; baseline -0.002 0"><span class='ocrx_word' id='word_1_20' title='bbox 153 704 239 743; x_wconf 79' lang='lat'>220</span> <span class='ocrx_word' id='word_1_21' title='bbox 266 696 338 748; x_wconf 86' lang='lat' dir='ltr'>Te</span> <span class='ocrx_word' id='word_1_22' title='bbox 377 698 486 748; x_wconf 80' lang='lat' dir='ltr'>non</span> <span class='ocrx_word' id='word_1_23' title='bbox 526 712 701 747; x_wconf 87' lang='lat' dir='ltr'>amare</span> <span class='ocrx_word' id='word_1_24' title='bbox 739 695 826 747; x_wconf 72' lang='lat' dir='ltr'>me</span> <span class='ocrx_word' id='word_1_25' title='bbox 865 694 1078 747; x_wconf 83' lang='lat' dir='ltr'>cordate</span> <span class='ocrx_word' id='word_1_26' title='bbox 1118 712 1179 746; x_wconf 87' lang='lat' dir='ltr'>ac</span> <span class='ocrx_word' id='word_1_27' title='bbox 1217 694 1431 746; x_wconf 75' lang='lat' dir='ltr'>saniter.</span> 
     </span>
    </p>
   </div>
   <div class='ocr_carea' id='block_1_5' title="bbox 239 793 1935 911">
    <p class='ocr_par' dir='ltr' id='par_1_5' title="bbox 239 793 1935 911">
     <span class='ocr_line' id='line_1_7' title="bbox 291 793 1935 899; baseline -0.001 -60"><span class='ocrx_word' id='word_1_28' title='bbox 291 858 310 899; x_wconf 60' lang='lat' dir='ltr'><strong>t</strong></span> <span class='ocrx_word' id='word_1_29' title='bbox 346 796 536 877; x_wconf 60' lang='lat' dir='ltr'>&#39;Nonius</span> <span class='ocrx_word' id='word_1_30' title='bbox 570 800 670 853; x_wconf 88' lang='lat'>515,</span> <span class='ocrx_word' id='word_1_31' title='bbox 695 800 749 840; x_wconf 84' lang='lat'>21</span> <span class='ocrx_word' id='word_1_32' title='bbox 787 794 1048 839; x_wconf 66' lang='lat' dir='ltr'>‘saniten</span> <span class='ocrx_word' id='word_1_33' title='bbox 1104 794 1326 838; x_wconf 85' lang='lat' dir='ltr'>Afranius</span> <span class='ocrx_word' id='word_1_34' title='bbox 1358 793 1812 852; x_wconf 85' lang='lat' dir='ltr'>Negalensibus:</span> <span class='ocrx_word' id='word_1_35' title='bbox 1855 795 1935 838; x_wconf 87' lang='lat' dir='ltr'>ad-</span> 
     </span>
     <span class='ocr_line' id='line_1_8' title="bbox 239 869 557 911; baseline 0.003 -12"><span class='ocrx_word' id='word_1_36' title='bbox 239 869 286 900; x_wconf 87' lang='lat' dir='ltr'>es</span> <span class='ocrx_word' id='word_1_37' title='bbox 313 869 339 899; x_wconf 90' lang='lat' dir='ltr'>o</span> <span class='ocrx_word' id='word_1_38' title='bbox 386 869 423 900; x_wconf 89' lang='lat' dir='ltr'>e.</span> <span class='ocrx_word' id='word_1_39' title='bbox 451 871 496 911; x_wconf 91' lang='lat' dir='ltr'>q.</span> <span class='ocrx_word' id='word_1_40' title='bbox 523 870 557 900; x_wconf 82' lang='lat' dir='ltr'>S.</span> 
     </span>
    </p>
   </div>
   <div class='ocr_carea' id='block_1_6' title="bbox 239 941 1937 1295">
    <p class='ocr_par' dir='ltr' id='par_1_6' title="bbox 239 941 1937 1295">
     <span class='ocr_line' id='line_1_9' title="bbox 360 941 1937 1001; baseline 0 -15"><span class='ocrx_word' id='word_1_41' title='bbox 360 949 383 986; x_wconf 94' lang='lat'>1</span> <span class='ocrx_word' id='word_1_42' title='bbox 418 946 468 987; x_wconf 89' lang='lat' dir='ltr'>at</span> <span class='ocrx_word' id='word_1_43' title='bbox 497 944 582 1000; x_wconf 81' lang='lat' dir='ltr'>(vel</span> <span class='ocrx_word' id='word_1_44' title='bbox 605 944 683 1000; x_wconf 91' lang='lat' dir='ltr'>ah)</span> <span class='ocrx_word' id='word_1_45' title='bbox 716 957 803 1001; x_wconf 86' lang='lat' dir='ltr'>ego</span> <span class='ocrx_word' id='word_1_46' title='bbox 836 956 936 986; x_wconf 86' lang='lat' dir='ltr'>sero</span> <span class='ocrx_word' id='word_1_47' title='bbox 970 941 1120 986; x_wconf 90' lang='lat' dir='ltr'>sentio</span> <span class='ocrx_word' id='word_1_48' title='bbox 1153 943 1333 999; x_wconf 76' lang='lat' dir='ltr'><em>scripsi</em></span> <span class='ocrx_word' id='word_1_49' title='bbox 1368 942 1531 987; x_wconf 79' lang='lat' dir='ltr'>adesto</span> <span class='ocrx_word' id='word_1_50' title='bbox 1566 942 1777 986; x_wconf 83' lang='lat' dir='ltr'>assentio</span> <span class='ocrx_word' id='word_1_51' title='bbox 1810 943 1868 986; x_wconf 90' lang='lat' dir='ltr'><strong><em>H</em></strong></span> <span class='ocrx_word' id='word_1_52' title='bbox 1871 942 1937 986; x_wconf 85' lang='lat' dir='ltr'>L2</span> 
     </span>
     <span class='ocr_line' id='line_1_10' title="bbox 241 1001 1934 1059; baseline -0.001 -12"><span class='ocrx_word' id='word_1_53' title='bbox 241 1003 360 1048; x_wconf 86' lang='lat' dir='ltr'>PW</span> <span class='ocrx_word' id='word_1_54' title='bbox 395 1003 557 1046; x_wconf 82' lang='lat' dir='ltr'>adesto</span> <span class='ocrx_word' id='word_1_55' title='bbox 597 1002 811 1046; x_wconf 85' lang='lat' dir='ltr'>adsentio</span> <span class='ocrx_word' id='word_1_56' title='bbox 851 1001 1050 1059; x_wconf 86' lang='lat' dir='ltr'>(asentio</span> <span class='ocrx_word' id='word_1_57' title='bbox 1077 1002 1136 1058; x_wconf 80' lang='lat' dir='ltr'>G)</span> <span class='ocrx_word' id='word_1_58' title='bbox 1169 1018 1217 1056; x_wconf 86' lang='grc' dir='ltr'>φ.</span> <span class='ocrx_word' id='word_1_59' title='bbox 1287 1001 1406 1046; x_wconf 79' lang='lat' dir='ltr'>Olim</span> <span class='ocrx_word' id='word_1_60' title='bbox 1442 1004 1591 1047; x_wconf 77' lang='lat' dir='ltr'>visum</span> <span class='ocrx_word' id='word_1_61' title='bbox 1629 1008 1728 1047; x_wconf 80' lang='lat' dir='ltr'>erat</span> <span class='ocrx_word' id='word_1_62' title='bbox 1770 1001 1934 1046; x_wconf 84' lang='lat' dir='ltr'>adesto</span> 
     </span>
     <span class='ocr_line' id='line_1_11' title="bbox 241 1060 1935 1119; baseline -0.001 -13"><span class='ocrx_word' id='word_1_63' title='bbox 241 1063 551 1119; x_wconf 74' lang='lat' dir='ltr'>dittoyraphia</span> <span class='ocrx_word' id='word_1_64' title='bbox 581 1067 730 1106; x_wconf 78' lang='lat' dir='ltr'>ortum</span> <span class='ocrx_word' id='word_1_65' title='bbox 760 1075 870 1106; x_wconf 83' lang='lat' dir='ltr'>esse.</span> <span class='ocrx_word' id='word_1_66' title='bbox 903 1063 955 1105; x_wconf 75' lang='lat' dir='ltr'>in</span> <span class='ocrx_word' id='word_1_67' title='bbox 985 1066 1113 1106; x_wconf 76' lang='lat' dir='ltr'>teoetu</span> <span class='ocrx_word' id='word_1_68' title='bbox 1144 1061 1205 1104; x_wconf 90' lang='lat' dir='ltr'>ah</span> <span class='ocrx_word' id='word_1_69' title='bbox 1231 1060 1383 1104; x_wconf 89' lang='lat' dir='ltr'>sentio</span> <span class='ocrx_word' id='word_1_70' title='bbox 1414 1063 1696 1119; x_wconf 80' lang='lat' dir='ltr'>scripseram.</span> <span class='ocrx_word' id='word_1_71' title='bbox 1733 1062 1783 1104; x_wconf 87' lang='lat' dir='ltr'>at</span> <span class='ocrx_word' id='word_1_72' title='bbox 1810 1063 1935 1105; x_wconf 88' lang='lat' dir='ltr'>esto·</span> 
     </span>
     <span class='ocr_line' id='line_1_12' title="bbox 241 1118 1935 1177; baseline 0.001 -13"><span class='ocrx_word' id='word_1_73' title='bbox 241 1120 444 1164; x_wconf 89' lang='lat' dir='ltr'>assentio</span> <span class='ocrx_word' id='word_1_74' title='bbox 470 1121 787 1166; x_wconf 75' lang='lat' dir='ltr'>Neukirchius.</span> <span class='ocrx_word' id='word_1_75' title='bbox 822 1122 873 1163; x_wconf 87' lang='lat' dir='ltr'>at</span> <span class='ocrx_word' id='word_1_76' title='bbox 904 1122 1018 1163; x_wconf 86' lang='lat' dir='ltr'>esto.</span> <span class='ocrx_word' id='word_1_77' title='bbox 1045 1146 1100 1151; x_wconf 97' lang='lat'><strong>—</strong></span> <span class='ocrx_word' id='word_1_78' title='bbox 1129 1133 1156 1162; x_wconf 86' lang='lat' dir='ltr'>a</span> <span class='ocrx_word' id='word_1_79' title='bbox 1180 1118 1332 1163; x_wconf 88' lang='lat' dir='ltr'>sentio</span> <span class='ocrx_word' id='word_1_80' title='bbox 1356 1135 1390 1164; x_wconf 73' lang='grc' dir='ltr'>ω</span> <span class='ocrx_word' id='word_1_81' title='bbox 1481 1126 1507 1163; x_wconf 84' lang='grc'>2</span> <span class='ocrx_word' id='word_1_82' title='bbox 1540 1120 1730 1164; x_wconf 85' lang='lat' dir='ltr'>cordate</span> <span class='ocrx_word' id='word_1_83' title='bbox 1753 1121 1935 1177; x_wconf 75' lang='lat' dir='ltr'>scripsi,</span> 
     </span>
     <span class='ocr_line' id='line_1_13' title="bbox 239 1178 1852 1224; baseline -0.001 0"><span class='ocrx_word' id='word_1_84' title='bbox 239 1182 344 1224; x_wconf 80' lang='lat' dir='ltr'>item</span> <span class='ocrx_word' id='word_1_85' title='bbox 376 1180 478 1224; x_wconf 80' lang='lat' dir='ltr'>Bue</span> <span class='ocrx_word' id='word_1_86' title='bbox 509 1181 624 1224; x_wconf 73' lang='lat' dir='ltr'>corii.</span> <span class='ocrx_word' id='word_1_87' title='bbox 659 1180 850 1223; x_wconf 88' lang='lat' dir='ltr'>adorate</span> <span class='ocrx_word' id='word_1_88' title='bbox 883 1179 1099 1223; x_wconf 86' lang='lat' dir='ltr'>BaH¹L</span> <span class='ocrx_word' id='word_1_89' title='bbox 1131 1179 1328 1222; x_wconf 86' lang='lat' dir='ltr'>adorare</span> <span class='ocrx_word' id='word_1_90' title='bbox 1359 1179 1418 1222; x_wconf 90' lang='lat' dir='ltr'><em>H</em></span> <span class='ocrx_word' id='word_1_91' title='bbox 1425 1178 1521 1223; x_wconf 64' lang='lat' dir='ltr'>i*W</span> <span class='ocrx_word' id='word_1_92' title='bbox 1547 1179 1690 1223; x_wconf 85' lang='lat' dir='ltr'>adoro</span> <span class='ocrx_word' id='word_1_93' title='bbox 1723 1181 1771 1223; x_wconf 93' lang='lat' dir='ltr'>te</span> <span class='ocrx_word' id='word_1_94' title='bbox 1806 1179 1852 1223; x_wconf 91' lang='lat' dir='ltr'><em>P</em></span> 
     </span>
     <span class='ocr_line' id='line_1_14' title="bbox 241 1237 1729 1295; baseline 0 -14"><span class='ocrx_word' id='word_1_95' title='bbox 241 1238 448 1282; x_wconf 83' lang='lat' dir='ltr'>suauiter</span> <span class='ocrx_word' id='word_1_96' title='bbox 471 1239 741 1295; x_wconf 76' lang='lat' dir='ltr'>Palmerius,</span> <span class='ocrx_word' id='word_1_97' title='bbox 774 1240 910 1284; x_wconf 76' lang='lat' dir='ltr'>etiam</span> <span class='ocrx_word' id='word_1_98' title='bbox 941 1240 993 1282; x_wconf 70' lang='lat' dir='ltr'>iri</span> <span class='ocrx_word' id='word_1_99' title='bbox 1025 1239 1247 1283; x_wconf 80' lang='lat' dir='ltr'>lemmate:</span> <span class='ocrx_word' id='word_1_100' title='bbox 1281 1239 1337 1293; x_wconf 76' lang='lat' dir='ltr'>cf.</span> <span class='ocrx_word' id='word_1_101' title='bbox 1363 1239 1514 1284; x_wconf 81' lang='lat' dir='ltr'>coroll.</span> <span class='ocrx_word' id='word_1_102' title='bbox 1540 1237 1729 1282; x_wconf 89' lang='lat' dir='ltr'>LXXIII</span> 
     </span>
    </p>
   </div>
   <div class='ocr_carea' id='block_1_7' title="bbox 1006 1390 1194 1440">
    <p class='ocr_par' dir='ltr' id='par_1_7' title="bbox 1006 1390 1194 1440">
     <span class='ocr_line' id='line_1_15' title="bbox 1006 1390 1194 1440; baseline -0.005 0"><span class='ocrx_word' id='word_1_103' title='bbox 1006 1390 1194 1440; x_wconf 85' lang='lat' dir='ltr'>OMEN</span> 
     </span>
    </p>
   </div>
   <div class='ocr_carea' id='block_1_8' title="bbox 330 1496 1367 1649">
    <p class='ocr_par' dir='ltr' id='par_1_8' title="bbox 330 1496 1367 1649">
     <span class='ocr_line' id='line_1_16' title="bbox 1081 1496 1108 1543; baseline 0 0"><span class='ocrx_word' id='word_1_104' title='bbox 1081 1496 1108 1543; x_wconf 91' lang='lat' dir='ltr'>I</span> 
     </span>
     <span class='ocr_line' id='line_1_17' title="bbox 330 1579 1367 1649; baseline -0.001 -17"><span class='ocrx_word' id='word_1_105' title='bbox 330 1623 340 1631; x_wconf 93' lang='lat'><strong><em>.</em></strong></span> <span class='ocrx_word' id='word_1_106' title='bbox 418 1579 620 1632; x_wconf 87' lang='lat' dir='ltr'>amabit</span> <span class='ocrx_word' id='word_1_107' title='bbox 658 1580 891 1649; x_wconf 71' lang='lat' dir='ltr'>sapienS,</span> <span class='ocrx_word' id='word_1_108' title='bbox 931 1579 1149 1648; x_wconf 88' lang='lat' dir='ltr'>cupient</span> <span class='ocrx_word' id='word_1_109' title='bbox 1187 1579 1367 1632; x_wconf 76' lang='lat' dir='ltr'>ceteri.</span> 
     </span>
    </p>
   </div>
   <div class='ocr_carea' id='block_1_9' title="bbox 239 1686 1938 1803">
    <p class='ocr_par' dir='ltr' id='par_1_9' title="bbox 239 1686 1938 1803">
     <span class='ocr_line' id='line_1_18' title="bbox 356 1686 1934 1744; baseline 0.001 -14"><span class='ocrx_word' id='word_1_110' title='bbox 356 1686 536 1731; x_wconf 87' lang='lat' dir='ltr'>Nonius</span> <span class='ocrx_word' id='word_1_111' title='bbox 559 1692 660 1744; x_wconf 78' lang='lat'>421,</span> <span class='ocrx_word' id='word_1_112' title='bbox 688 1693 742 1731; x_wconf 89' lang='grc'>19</span> <span class='ocrx_word' id='word_1_113' title='bbox 771 1686 1003 1744; x_wconf 75' lang='lat' dir='ltr'>‘cupido</span> <span class='ocrx_word' id='word_1_114' title='bbox 1037 1690 1091 1732; x_wconf 91' lang='lat' dir='ltr'>et</span> <span class='ocrx_word' id='word_1_115' title='bbox 1123 1702 1275 1732; x_wconf 87' lang='lat' dir='ltr'>amor</span> <span class='ocrx_word' id='word_1_116' title='bbox 1305 1687 1431 1731; x_wconf 91' lang='lat' dir='ltr'>idem</span> <span class='ocrx_word' id='word_1_117' title='bbox 1463 1686 1736 1744; x_wconf 87' lang='lat' dir='ltr'>significare</span> <span class='ocrx_word' id='word_1_118' title='bbox 1770 1687 1934 1731; x_wconf 89' lang='lat' dir='ltr'>uiden-</span> 
     </span>
     <span class='ocr_line' id='line_1_19' title="bbox 239 1745 1938 1803; baseline 0.001 -13"><span class='ocrx_word' id='word_1_119' title='bbox 239 1749 334 1803; x_wconf 84' lang='lat' dir='ltr'>tur,</span> <span class='ocrx_word' id='word_1_120' title='bbox 375 1749 423 1790; x_wconf 91' lang='lat' dir='ltr'>et</span> <span class='ocrx_word' id='word_1_121' title='bbox 453 1749 525 1790; x_wconf 91' lang='lat' dir='ltr'>est</span> <span class='ocrx_word' id='word_1_122' title='bbox 560 1746 823 1793; x_wconf 79' lang='lat' dir='ltr'>diuersitas,</span> <span class='ocrx_word' id='word_1_123' title='bbox 885 1747 1064 1803; x_wconf 86' lang='lat' dir='ltr'>Cupido</span> <span class='ocrx_word' id='word_1_124' title='bbox 1099 1746 1224 1791; x_wconf 90' lang='lat' dir='ltr'>enim</span> <span class='ocrx_word' id='word_1_125' title='bbox 1253 1745 1635 1791; x_wconf 87' lang='lat' dir='ltr'>inconsideratae</span> <span class='ocrx_word' id='word_1_126' title='bbox 1670 1749 1744 1790; x_wconf 91' lang='lat' dir='ltr'>est</span> <span class='ocrx_word' id='word_1_127' title='bbox 1775 1761 1938 1791; x_wconf 88' lang='lat' dir='ltr'>neces-</span> 
     </span>
    </p>
   </div>
   <div class='ocr_carea' id='block_1_10' title="bbox 240 1805 1936 1983">
    <p class='ocr_par' dir='ltr' id='par_1_10' title="bbox 240 1805 1936 1983">
     <span class='ocr_line' id='line_1_20' title="bbox 241 1805 1932 1862; baseline 0.001 -13"><span class='ocrx_word' id='word_1_128' title='bbox 241 1805 417 1862; x_wconf 85' lang='lat' dir='ltr'>sitatis,</span> <span class='ocrx_word' id='word_1_129' title='bbox 457 1820 587 1849; x_wconf 88' lang='lat' dir='ltr'>amor</span> <span class='ocrx_word' id='word_1_130' title='bbox 623 1805 788 1850; x_wconf 89' lang='lat' dir='ltr'>iudicii</span> <span class='ocrx_word' id='word_1_131' title='bbox 828 1842 838 1850; x_wconf 89' lang='lat'><strong>.</strong></span> <span class='ocrx_word' id='word_1_132' title='bbox 864 1843 873 1852; x_wconf 91' lang='lat'>.</span> <span class='ocrx_word' id='word_1_133' title='bbox 901 1843 909 1851; x_wconf 94' lang='lat'>.</span> <span class='ocrx_word' id='word_1_134' title='bbox 947 1805 1168 1850; x_wconf 86' lang='lat' dir='ltr'>Afranius</span> <span class='ocrx_word' id='word_1_135' title='bbox 1199 1805 1250 1849; x_wconf 90' lang='lat' dir='ltr'>in</span> <span class='ocrx_word' id='word_1_136' title='bbox 1284 1805 1470 1851; x_wconf 88' lang='lat' dir='ltr'>Omine:</span> <span class='ocrx_word' id='word_1_137' title='bbox 1514 1805 1723 1850; x_wconf 86' lang='lat' dir='ltr'>amabit’</span> <span class='ocrx_word' id='word_1_138' title='bbox 1760 1819 1797 1850; x_wconf 89' lang='lat' dir='ltr'>e.</span> <span class='ocrx_word' id='word_1_139' title='bbox 1825 1821 1869 1862; x_wconf 87' lang='lat' dir='ltr'>q.</span> <span class='ocrx_word' id='word_1_140' title='bbox 1897 1821 1932 1851; x_wconf 80' lang='lat' dir='ltr'>s,</span> 
     </span>
     <span class='ocr_line' id='line_1_21' title="bbox 241 1864 1932 1922; baseline 0 -13"><span class='ocrx_word' id='word_1_141' title='bbox 241 1864 425 1909; x_wconf 84' lang='lat' dir='ltr'>Servius</span> <span class='ocrx_word' id='word_1_142' title='bbox 455 1865 574 1909; x_wconf 92' lang='lat' dir='ltr'>Dan.</span> <span class='ocrx_word' id='word_1_143' title='bbox 605 1865 655 1908; x_wconf 91' lang='lat' dir='ltr'>in</span> <span class='ocrx_word' id='word_1_144' title='bbox 686 1865 799 1909; x_wconf 89' lang='lat' dir='ltr'>Aen.</span> <span class='ocrx_word' id='word_1_145' title='bbox 831 1865 896 1910; x_wconf 92' lang='lat' dir='ltr'>IV</span> <span class='ocrx_word' id='word_1_146' title='bbox 929 1870 1014 1908; x_wconf 84' lang='lat'>194</span> <span class='ocrx_word' id='word_1_147' title='bbox 1048 1864 1394 1922; x_wconf 79' lang='lat' dir='ltr'>‘cupidinem</span> <span class='ocrx_word' id='word_1_148' title='bbox 1433 1866 1616 1909; x_wconf 90' lang='lat' dir='ltr'>ueteres</span> <span class='ocrx_word' id='word_1_149' title='bbox 1650 1864 1932 1910; x_wconf 87' lang='lat' dir='ltr'>immodera-</span> 
     </span>
     <span class='ocr_line' id='line_1_22' title="bbox 240 1924 1936 1983; baseline 0.001 -16"><span class='ocrx_word' id='word_1_150' title='bbox 240 1926 341 1967; x_wconf 88' lang='lat' dir='ltr'>tum</span> <span class='ocrx_word' id='word_1_151' title='bbox 381 1937 584 1968; x_wconf 82' lang='lat' dir='ltr'>amorem</span> <span class='ocrx_word' id='word_1_152' title='bbox 614 1924 847 1969; x_wconf 85' lang='lat' dir='ltr'>dicebant.</span> <span class='ocrx_word' id='word_1_153' title='bbox 909 1924 1130 1969; x_wconf 87' lang='lat' dir='ltr'>Afranius</span> <span class='ocrx_word' id='word_1_154' title='bbox 1165 1924 1400 1970; x_wconf 83' lang='lat' dir='ltr'>Cinerario</span> <span class='ocrx_word' id='word_1_155' title='bbox 1435 1924 1537 1983; x_wconf 91' lang='lat' dir='ltr'>[III]</span> <span class='ocrx_word' id='word_1_156' title='bbox 1581 1960 1590 1969; x_wconf 91' lang='lat'><strong>.</strong></span> <span class='ocrx_word' id='word_1_157' title='bbox 1620 1961 1628 1968; x_wconf 94' lang='lat'><strong>.</strong></span> <span class='ocrx_word' id='word_1_158' title='bbox 1657 1961 1666 1969; x_wconf 91' lang='lat'><strong><em>.</em></strong></span> <span class='ocrx_word' id='word_1_159' title='bbox 1695 1961 1703 1968; x_wconf 93' lang='lat'><em>.</em></span> <span class='ocrx_word' id='word_1_160' title='bbox 1738 1926 1936 1968; x_wconf 88' lang='lat' dir='ltr'>amant</span> 
     </span>
    </p>
   </div>
   <div class='ocr_carea' id='block_1_11' title="bbox 240 1982 1937 2159">
    <p class='ocr_par' dir='ltr' id='par_1_11' title="bbox 240 1982 1937 2159">
     <span class='ocr_line' id='line_1_23' title="bbox 243 1982 1936 2042; baseline 0.001 -16"><span class='ocrx_word' id='word_1_161' title='bbox 243 1982 554 2040; x_wconf 83' lang='lat' dir='ltr'>sapientes,</span> <span class='ocrx_word' id='word_1_162' title='bbox 595 1983 833 2041; x_wconf 89' lang='lat' dir='ltr'>cupiunt</span> <span class='ocrx_word' id='word_1_163' title='bbox 875 1984 1091 2030; x_wconf 87' lang='lat' dir='ltr'>ceteri.&#39;</span> <span class='ocrx_word' id='word_1_164' title='bbox 1147 1983 1372 2042; x_wconf 74' lang='lat' dir='ltr'>(Exciditz</span> <span class='ocrx_word' id='word_1_165' title='bbox 1412 1983 1563 2027; x_wconf 90' lang='lat' dir='ltr'>idem</span> <span class='ocrx_word' id='word_1_166' title='bbox 1603 1982 1665 2026; x_wconf 90' lang='lat' dir='ltr'>in</span> <span class='ocrx_word' id='word_1_167' title='bbox 1706 1983 1936 2041; x_wconf 88' lang='lat' dir='ltr'>Omine.)</span> 
     </span>
     <span class='ocr_line' id='line_1_24' title="bbox 240 2041 1937 2101; baseline 0 -16"><span class='ocrx_word' id='word_1_168' title='bbox 240 2042 465 2098; x_wconf 90' lang='lat' dir='ltr'>Apuleius</span> <span class='ocrx_word' id='word_1_169' title='bbox 498 2043 682 2101; x_wconf 87' lang='lat' dir='ltr'>apolog.</span> <span class='ocrx_word' id='word_1_170' title='bbox 715 2057 752 2087; x_wconf 86' lang='lat' dir='ltr'>c.</span> <span class='ocrx_word' id='word_1_171' title='bbox 781 2048 835 2087; x_wconf 79' lang='lat'>12</span> <span class='ocrx_word' id='word_1_172' title='bbox 866 2059 910 2100; x_wconf 88' lang='lat' dir='ltr'>p.</span> <span class='ocrx_word' id='word_1_173' title='bbox 939 2048 993 2086; x_wconf 88' lang='lat'>19</span> <span class='ocrx_word' id='word_1_174' title='bbox 1025 2044 1076 2089; x_wconf 93' lang='lat' dir='ltr'>B.</span> <span class='ocrx_word' id='word_1_175' title='bbox 1112 2044 1436 2100; x_wconf 87' lang='lat' dir='ltr'>‘quapropter,</span> <span class='ocrx_word' id='word_1_176' title='bbox 1479 2041 1569 2086; x_wconf 88' lang='lat' dir='ltr'>etsi</span> <span class='ocrx_word' id='word_1_177' title='bbox 1607 2042 1937 2100; x_wconf 88' lang='lat' dir='ltr'>pereleganter</span> 
     </span>
     <span class='ocr_line' id='line_1_25' title="bbox 242 2101 1932 2159; baseline 0.001 -15"><span class='ocrx_word' id='word_1_178' title='bbox 242 2101 463 2147; x_wconf 70' lang='lat' dir='ltr'>Afianius</span> <span class='ocrx_word' id='word_1_179' title='bbox 508 2102 598 2146; x_wconf 90' lang='lat' dir='ltr'>hoc</span> <span class='ocrx_word' id='word_1_180' title='bbox 644 2102 869 2159; x_wconf 90' lang='lat' dir='ltr'>scriptum</span> <span class='ocrx_word' id='word_1_181' title='bbox 910 2102 1121 2159; x_wconf 89' lang='lat' dir='ltr'>reliquit:</span> <span class='ocrx_word' id='word_1_182' title='bbox 1177 2102 1358 2147; x_wconf 89' lang='lat' dir='ltr'>amabit</span> <span class='ocrx_word' id='word_1_183' title='bbox 1406 2139 1415 2146; x_wconf 93' lang='lat'>.</span> <span class='ocrx_word' id='word_1_184' title='bbox 1444 2138 1452 2146; x_wconf 95' lang='lat'><strong>.</strong></span> <span class='ocrx_word' id='word_1_185' title='bbox 1481 2139 1489 2146; x_wconf 92' lang='lat'><strong><em>.</em></strong></span> <span class='ocrx_word' id='word_1_186' title='bbox 1540 2101 1705 2158; x_wconf 90' lang='lat' dir='ltr'>ceteri,</span> <span class='ocrx_word' id='word_1_187' title='bbox 1754 2103 1932 2145; x_wconf 87' lang='lat' dir='ltr'>tamen’</span> 
     </span>
    </p>
   </div>
   <div class='ocr_carea' id='block_1_12' title="bbox 245 2174 414 2216">
    <p class='ocr_par' dir='ltr' id='par_1_12' title="bbox 245 2174 414 2216">
     <span class='ocr_line' id='line_1_26' title="bbox 245 2174 414 2216; baseline 0.006 -12"><span class='ocrx_word' id='word_1_188' title='bbox 245 2174 282 2204; x_wconf 91' lang='lat' dir='ltr'>e.</span> <span class='ocrx_word' id='word_1_189' title='bbox 310 2175 352 2216; x_wconf 90' lang='lat' dir='ltr'>q.</span> <span class='ocrx_word' id='word_1_190' title='bbox 381 2176 414 2205; x_wconf 90' lang='lat' dir='ltr'>s.</span> 
     </span>
    </p>
   </div>
   <div class='ocr_carea' id='block_1_13' title="bbox 361 2249 1940 2307">
    <p class='ocr_par' dir='ltr' id='par_1_13' title="bbox 361 2249 1940 2307">
     <span class='ocr_line' id='line_1_27' title="bbox 361 2249 1940 2307; baseline 0 -14"><span class='ocrx_word' id='word_1_191' title='bbox 361 2249 542 2294; x_wconf 86' lang='lat' dir='ltr'>amabit</span> <span class='ocrx_word' id='word_1_192' title='bbox 571 2251 653 2306; x_wconf 85' lang='lat' dir='ltr'>(sic</span> <span class='ocrx_word' id='word_1_193' title='bbox 684 2250 758 2294; x_wconf 86' lang='lat' dir='ltr'>H1</span> <span class='ocrx_word' id='word_1_194' title='bbox 791 2249 940 2294; x_wconf 88' lang='lat' dir='ltr'>ambit</span> <span class='ocrx_word' id='word_1_195' title='bbox 967 2250 1094 2294; x_wconf 82' lang='lat' dir='ltr'>H2L</span> <span class='ocrx_word' id='word_1_196' title='bbox 1111 2251 1193 2307; x_wconf 90' lang='lat' dir='ltr'>W)</span> <span class='ocrx_word' id='word_1_197' title='bbox 1226 2249 1413 2306; x_wconf 87' lang='lat' dir='ltr'>sapiens</span> <span class='ocrx_word' id='word_1_198' title='bbox 1447 2250 1638 2294; x_wconf 75' lang='lat' dir='ltr'>Nonius</span> <span class='ocrx_word' id='word_1_199' title='bbox 1671 2251 1834 2293; x_wconf 87' lang='lat' dir='ltr'>amant</span> <span class='ocrx_word' id='word_1_200' title='bbox 1867 2263 1940 2293; x_wconf 88' lang='lat' dir='ltr'>sa-</span> 
     </span>
    </p>
   </div>
   <div class='ocr_carea' id='block_1_14' title="bbox 245 2308 1939 2425">
    <p class='ocr_par' dir='ltr' id='par_1_14' title="bbox 245 2308 1939 2413">
     <span class='ocr_line' id='line_1_28' title="bbox 245 2308 1939 2367; baseline 0.002 -16"><span class='ocrx_word' id='word_1_201' title='bbox 245 2308 426 2364; x_wconf 87' lang='lat' dir='ltr'>pientes</span> <span class='ocrx_word' id='word_1_202' title='bbox 459 2309 642 2354; x_wconf 81' lang='lat' dir='ltr'>Servius</span> <span class='ocrx_word' id='word_1_203' title='bbox 733 2309 922 2366; x_wconf 91' lang='lat' dir='ltr'>cupient</span> <span class='ocrx_word' id='word_1_204' title='bbox 954 2309 1102 2355; x_wconf 83' lang='lat' dir='ltr'>Servii</span> <span class='ocrx_word' id='word_1_205' title='bbox 1132 2324 1303 2367; x_wconf 74' lang='lat' dir='ltr'>quoque</span> <span class='ocrx_word' id='word_1_206' title='bbox 1332 2310 1474 2355; x_wconf 73' lang='lat' dir='ltr'>Berri.</span> <span class='ocrx_word' id='word_1_207' title='bbox 1509 2308 1705 2366; x_wconf 89' lang='lat' dir='ltr'>cupiunt</span> <span class='ocrx_word' id='word_1_208' title='bbox 1731 2309 1939 2354; x_wconf 88' lang='lat' dir='ltr'>Ambros.</span> 
     </span>
     <span class='ocr_line' id='line_1_29' title="bbox 252 2368 618 2425; baseline 0.003 -13"><span class='ocrx_word' id='word_1_209' title='bbox 252 2368 411 2425; x_wconf 81' lang='lat' dir='ltr'>Servii,</span> <span class='ocrx_word' id='word_1_210' title='bbox 442 2369 618 2413; x_wconf 75' lang='lat' dir='ltr'>Daniel</span> 
     </span>
    </p>
   </div>
   <div class='ocr_carea' id='block_1_15' title="bbox 248 2545 1487 2600">
    <p class='ocr_par' dir='ltr' id='par_1_15' title="bbox 248 2545 1487 2600">
     <span class='ocr_line' id='line_1_30' title="bbox 248 2545 1487 2600; baseline 0.001 -2"><span class='ocrx_word' id='word_1_211' title='bbox 248 2545 489 2599; x_wconf 73' lang='lat' dir='ltr'>Datatim</span> <span class='ocrx_word' id='word_1_212' title='bbox 526 2565 748 2600; x_wconf 86' lang='lat' dir='ltr'>uxorem</span> <span class='ocrx_word' id='word_1_213' title='bbox 787 2550 847 2599; x_wconf 92' lang='lat' dir='ltr'>ut</span> <span class='ocrx_word' id='word_1_214' title='bbox 885 2547 1038 2600; x_wconf 83' lang='lat' dir='ltr'>hidas</span> <span class='ocrx_word' id='word_1_215' title='bbox 1115 2588 1487 2599; x_wconf 91' lang='grc'><strong>.....</strong></span> 
     </span>
    </p>
   </div>
   <div class='ocr_carea' id='block_1_16' title="bbox 254 2647 1941 2764">
    <p class='ocr_par' dir='ltr' id='par_1_16' title="bbox 254 2647 1941 2764">
     <span class='ocr_line' id='line_1_31' title="bbox 371 2647 1941 2704; baseline 0 -14"><span class='ocrx_word' id='word_1_216' title='bbox 371 2647 551 2691; x_wconf 87' lang='lat' dir='ltr'>Nonius</span> <span class='ocrx_word' id='word_1_217' title='bbox 579 2653 648 2704; x_wconf 88' lang='grc'>96,</span> <span class='ocrx_word' id='word_1_218' title='bbox 676 2653 729 2691; x_wconf 86' lang='grc'>17</span> <span class='ocrx_word' id='word_1_219' title='bbox 766 2647 1054 2704; x_wconf 82' lang='lat' dir='ltr'>‘datatim,</span> <span class='ocrx_word' id='word_1_220' title='bbox 1087 2647 1137 2691; x_wconf 94' lang='lat' dir='ltr'>id</span> <span class='ocrx_word' id='word_1_221' title='bbox 1169 2650 1240 2692; x_wconf 90' lang='lat' dir='ltr'>est</span> <span class='ocrx_word' id='word_1_222' title='bbox 1270 2647 1473 2691; x_wconf 87' lang='lat' dir='ltr'>inuicem</span> <span class='ocrx_word' id='word_1_223' title='bbox 1504 2648 1659 2692; x_wconf 91' lang='lat' dir='ltr'>dando</span> <span class='ocrx_word' id='word_1_224' title='bbox 1693 2684 1702 2692; x_wconf 87' lang='lat'><strong>.</strong></span> <span class='ocrx_word' id='word_1_225' title='bbox 1730 2684 1739 2692; x_wconf 92' lang='lat'>.</span> <span class='ocrx_word' id='word_1_226' title='bbox 1767 2684 1774 2692; x_wconf 91' lang='lat'><strong>.</strong></span> <span class='ocrx_word' id='word_1_227' title='bbox 1808 2648 1941 2691; x_wconf 78' lang='lat' dir='ltr'>Afra-</span> 
     </span>
     <span class='ocr_line' id='line_1_32' title="bbox 254 2705 1587 2764; baseline 0.001 -15"><span class='ocrx_word' id='word_1_228' title='bbox 254 2705 359 2749; x_wconf 90' lang='lat' dir='ltr'>nius</span> <span class='ocrx_word' id='word_1_229' title='bbox 391 2706 641 2752; x_wconf 88' lang='lat' dir='ltr'>homine:</span> <span class='ocrx_word' id='word_1_230' title='bbox 675 2706 894 2751; x_wconf 86' lang='lat' dir='ltr'>datatim’</span> <span class='ocrx_word' id='word_1_231' title='bbox 930 2720 967 2752; x_wconf 92' lang='lat' dir='ltr'>e.</span> <span class='ocrx_word' id='word_1_232' title='bbox 995 2722 1038 2763; x_wconf 92' lang='lat' dir='ltr'>q.</span> <span class='ocrx_word' id='word_1_233' title='bbox 1065 2722 1098 2751; x_wconf 88' lang='lat' dir='ltr'>s.</span> <span class='ocrx_word' id='word_1_234' title='bbox 1132 2706 1430 2764; x_wconf 87' lang='lat' dir='ltr'>(hominem</span> <span class='ocrx_word' id='word_1_235' title='bbox 1461 2707 1587 2763; x_wconf 84' lang='lat' dir='ltr'>H1L)</span> 
     </span>
    </p>
   </div>
   <div class='ocr_carea' id='block_1_17' title="bbox 376 2794 624 2838">
    <p class='ocr_par' dir='ltr' id='par_1_17' title="bbox 376 2794 624 2838">
     <span class='ocr_line' id='line_1_33' title="bbox 376 2794 624 2838; baseline 0.004 -1"><span class='ocrx_word' id='word_1_236' title='bbox 376 2794 545 2838; x_wconf 84' lang='lat' dir='ltr'>laudas</span> <span class='ocrx_word' id='word_1_237' title='bbox 578 2796 624 2838; x_wconf 91' lang='lat' dir='ltr'><em>P</em></span> 
     </span>
    </p>
   </div>
   <div class='ocr_carea' id='block_1_18' title="bbox 257 2877 1531 3027">
    <p class='ocr_par' dir='ltr' id='par_1_18' title="bbox 257 2877 1531 3027">
     <span class='ocr_line' id='line_1_34' title="bbox 1061 2877 1138 2923; baseline 0 0"><span class='ocrx_word' id='word_1_238' title='bbox 1061 2877 1138 2923; x_wconf 91' lang='lat' dir='ltr'>III</span> 
     </span>
     <span class='ocr_line' id='line_1_35' title="bbox 257 2954 1531 3027; baseline 0.002 -18"><span class='ocrx_word' id='word_1_239' title='bbox 257 2954 436 3026; x_wconf 83' lang='lat' dir='ltr'>Atque</span> <span class='ocrx_word' id='word_1_240' title='bbox 475 2958 568 3010; x_wconf 84' lang='lat' dir='ltr'>ille</span> <span class='ocrx_word' id='word_1_241' title='bbox 608 2958 893 3027; x_wconf 77' lang='lat' dir='ltr'>derepente</span> <span class='ocrx_word' id='word_1_242' title='bbox 932 2959 989 3011; x_wconf 89' lang='lat' dir='ltr'>in</span> <span class='ocrx_word' id='word_1_243' title='bbox 1027 2960 1325 3013; x_wconf 88' lang='lat' dir='ltr'>iumentum</span> <span class='ocrx_word' id='word_1_244' title='bbox 1366 2959 1531 3012; x_wconf 76' lang='lat' dir='ltr'>exilit.</span> 
     </span>
    </p>
   </div>
  </div>
 </body>
</html>
