2060 3140
279 159 389 212 250
795 112 799 116 ’
927 157 976 201 L.
1005 155 1309 200 AF-RAmvs

280 291 443 335 dicunt
486 289 602 346 ὑπέρ
651 282 706 322 -ὶ
753 315 808 321 —-
855 287 1075 332 Afranius
1121 287 1171 331 in
1212 287 1498 345 Virginez'
1547 287 1789 346 (uirgine
1837 288 1956 346 cod.)

283 350 429 394 ‘alis’
458 364 495 394 e.
521 365 564 405 q.
591 364 625 393 S.

398 437 503 481 aliis
543 436 805 493 Stephanus
844 434 932 479 alis
971 437 1066 480 cod.
1216 434 1267 478 ni
1305 435 1612 480 Neukirchius
1648 434 1699 479 in
1735 435 1832 481 cod.
1869 449 1957 480 nec

283 498 332 543 Ο.
354 497 607 541 Muellerus
637 494 709 538 sin
740 495 843 538 Bne
948 494 1181 539 Sententia
1210 495 1339 539 haec:
1373 494 1498 545 ‘aliis
1527 495 1581 539 de
1609 496 1741 539 rebus
1770 496 1954 552 quibus·

279 558 383 601 libet
413 557 600 612 loquere,
632 555 762 598 modo
792 568 849 598 ne
880 554 934 598 de
962 554 1047 599 hae
1077 568 1170 611 qna
1198 567 1334 610 super
1362 554 1546 610 coepisti
1575 554 1730 610 loqui?

1095 678 1141 724 V

279 764 394 828 Quo
435 765 496 816 tu
535 763 844 816 conmetas‘?
884 794 953 800 -—
991 761 1117 815 'Vbi
1156 762 1398 815 confixus
1437 761 1677 815 desides?

393 864 573 909 Nonius
606 869 677 920 89,
710 868 766 908 33
805 865 1167 920 ‘conmetare,
1209 876 1451 907 conmeare
1483 899 1494 908 ,
1521 899 1531 909 .
1557 898 1570 910 .
1600 862 1820 907 Afranius
1852 863 1958 909 Vir-

276 924 409 982 gine:
441 924 551 980 quo’
580 937 617 968 e.
643 938 686 979 q.
713 938 746 968 s.

396 1013 621 1058 Personas
658 1013 872 1056 distinoeit
908 1012 1107 1056 Bothius
1268 1011 1443 1055 defixus
1482 1004 1720 1056 Bentleius
1760 1012 1813 1056 in
1857 1011 1957 1056 Ter.

275 1073 424 1117 heaut.
448 1073 543 1115 III
568 1077 607 1128 1,
633 1075 712 1128 35,
752 1072 832 1128 qni
861 1072 1139 1129 interroyari
1167 1071 1393 1116 intellexit

953 1208 1270 1258 VOPISCVS

394 1299 460 1344 Cf.
488 1299 667 1343 Plinius
696 1315 741 1344 n.
766 1300 811 1343 h.
835 1299 923 1342 VII
949 1303 1004 1343 10
1038 1298 1329 1356 ‘uopiscos
1362 1298 1669 1355 appellabant
1700 1313 1724 1343 e
1756 1298 1955 1357 geminis

274 1359 357 1416 qui
393 1358 565 1403 retenti
611 1361 743 1403 utero
788 1360 1091 1402 nascerentur
1134 1358 1283 1403 altero
1329 1357 1609 1415 interempto
1650 1358 1837 1402 abortu’
1879 1359 1957 1416 (de

274 1432 432 1476 praen.
458 1421 518 1475 4)
578 1417 824 1462 Geminum
852 1419 1041 1474 partum
1071 1419 1347 1484 conceperat
1375 1417 1535 1474 puella
1566 1417 1811 1474 quaedam,
1843 1432 1957 1473 quo-

274 1493 378 1521 rum
400 1477 549 1521 altero
574 1477 854 1533 interempto
879 1477 1048 1521 abortu
1072 1477 1125 1534 (I)
1145 1490 1205 1521 ne
1227 1476 1470 1533 vopiscum
1493 1476 1681 1532 quidem
1703 1476 1957 1521 sustulerat

274 1539 410 1594 pater
433 1537 521 1594 (II).
575 1536 696 1579 Eum
720 1535 912 1580 autem
897 1550 995 1580 lam
1020 1536 1185 1593 culpae
1214 1535 1427 1593 paenitet
1451 1535 1604 1593 (vm),
1637 1536 1718 1580 sed
1745 1536 1958 1593 nuptiae,

275 1599 330 1639 ut
367 1595 606 1650 videntur,
655 1610 759 1639 cum
797 1594 894 1639 alia
933 1595 1177 1640 condictae
1215 1595 1335 1653 (VII)
1381 1594 1634 1652 prohibent
1671 1609 1763 1651 quo
1801 1595 1955 1639 minus

274 1655 527 1699 reducendi
565 1654 699 1698 illam
738 1654 969 1699 desiderio
1010 1654 1124 1699 satis
1164 1654 1312 1698 faciat
1349 1654 1442 1712 (V).
1506 1653 1679 1698 Contra
1714 1654 1774 1698 ab
1807 1654 1957 1699 altera

273 1717 407 1780 parte
447 1713 708 1771 exponendi
754 1713 958 1758 infantes
997 1714 1119 1758 ratio
1166 1713 1374 1771 graviter
1413 1713 1679 1758 defenditur
1718 1713 1814 1770 (XI)
1856 1728 1955 1758 ma-

273 1773 514 1840 iorumque
561 1772 784 1830 exemplis
826 1773 1116 1817 adulescenti
1161 1772 1403 1818 honestius
1450 1772 1802 1817 commendatur
1848 1787 1956 1817 con-

274 1832 454 1890 iugium
499 1833 632 1890 (XII).
706 1833 955 1877 Praeterea
1007 1832 1175 1876 mulier
1228 1846 1284 1876 ex
1335 1846 1494 1876 earum
1546 1845 1735 1889 genere,
1790 1832 1953 1887 quales

274 1892 463 1936 Emanc.
491 1891 620 1935 XXII
648 1893 927 1949 tanguntur,
966 1891 1219 1949 imperiosa
1249 1891 1406 1948 (XVII
1438 1889 1561 1948 XIX)
1600 1905 1808 1947 anusque
1840 1891 1956 1935 adu-

274 1950 492 1995 lescentis
533 1964 738 1995 amorem
776 1928 971 2008 capta'ns
1012 1951 1124 2008 (XX.
1165 1951 1288 2004 XXI)
1331 1950 1581 1995 inducitur
1648 1949 1747 1994 Nec
1786 1950 1957 1995 desunt

274 2009 471 2066 parasiti
517 2010 678 2067 (XIV),
726 2010 927 2054 ancillae
967 2010 1149 2067 (XXII),
1193 2009 1315 2054 servi
1360 2009 1539 2066 (XXIII.
1585 2008 1751 2066 XXIV)
1795 2012 1954 2066 partes

275 2069 534 2114 sollemnes.
596 2069 798 2127 (Similia
827 2071 1071 2125 tamquam
1103 2084 1187 2114 sua
1205 2068 1442 2126 ,exposuit
1478 2083 1508 2111 x
1543 2067 1595 2111 in
1633 2067 1704 2113 ed.
1736 2068 1881 2113 Nonii
1912 2069 1957 2113 II

1102 2202 1129 2251 I

187 2298 271 2338 345
293 2284 544 2338 Consedit
581 2289 816 2356 uterum,
855 2288 963 2339 11611
1001 2290 1063 2339 ut
1101 2286 1318 2340 omnino
1356 2289 1535 2339 tamen

392 2386 574 2431 Nonius
614 2391 714 2437 230,
750 2392 772 2430 1
802 2388 1038 2439 ‚‘uterus
1080 2424 1088 2432 .
1118 2424 1162 2433 ..
1203 2390 1369 2432 neutro
1411 2387 1607 2431 Plautus
1648 2423 1657 2431 .
1687 2423 1731 2431 ..
1770 2389 1955 2431 uterum

276 2445 417 2490 dolet.
499 2445 736 2502 Turpilius
784 2483 794 2491 .
822 2483 830 2491 .
858 2482 867 2490 .
914 2449 1098 2491 uterum
1144 2447 1378 2491 cruciatur
1425 2446 1556 2490 mihi.
1631 2445 1850 2489 Afranius
1903 2445 1955 2488 in

274 2505 499 2561 Vopisco:
533 2505 681 2549 sedit’
709 2519 747 2550 e.
773 2521 816 2561 q.
843 2521 878 2550 s,

393 2593 606 2638 consedit
636 2582 739 2638 Rue
770 2601 954 2652 praeter
984 2597 1100 2640 alios
1135 2594 1259 2639 sedit
1288 2612 1323 2639 ω
1442 2596 1628 2638 uterum
1650 2607 1739 2650 pro
1769 2607 1955 2638 aecusa-

275 2654 366 2697 tivo
395 2668 553 2710 yraeco
582 2655 733 2698 habeo.
798 2654 1082 2699 Gonieiebam
1106 2661 1344 2711 praeterea
1374 2652 1558 2697 sedauit

1090 2779 1143 2826 H

275 2859 400 2913 Nou
439 2861 683 2914 dolorum
720 2864 983 2931 partionis
1020 2863 1202 2916 ueniet
1239 2864 1296 2917 in
1333 2864 1567 2916 mentem
1605 2861 1742 2915 tibi?

278 2947 421 3010 Quos
445 2949 580 3019 <ne>
603 2951 797 3004 misera
826 2952 1113 3022 pertulisti,
1142 2955 1205 3004 ut
1234 2953 1448 3021 partum
1474 2952 1737 3020 proiceret
1766 2951 1955 3020 pater?
