2060 3140
225 155 228 159 ’
268 165 338 218 48
813 162 1120 208 CAECILIVS
1152 161 1369 208 STATI‘V
1371 162 1400 207 S

1083 302 1136 350 H

269 386 411 440 Nam
447 387 604 440 nobis
643 386 888 455 equidem
928 386 1056 438 deus
1094 358 1334 454 repertus
1374 386 1455 439 est
1493 383 1654 438 Iouis,

387 472 651 517 Priscianus
686 487 729 528 p.
757 475 842 516 695
866 470 914 515 P.
959 470 1137 514 ‘Iouis
1176 469 1468 515 nominatiuo
1507 485 1692 527 quoque
1732 485 1842 516 casu
1879 471 1952 514 in-

270 531 468 577 uem'tur.
532 529 759 576 Caecilius
791 529 842 572 in
872 528 1111 586 Epistula:
1141 530 1270 572 nam’
1305 541 1343 574 e.
1369 543 1412 585 q.
1438 544 1472 573 s.

387 604 542 663 nobis]
582 604 748 647 nobuus
778 603 926 660 Bony.
973 616 1123 646 nouus
1165 603 1274 661 Rey.
1306 603 1469 648 Bamb.
1503 603 1644 649 Halb.
1736 603 1952 660 equidem

277 666 487 710 Osannus
510 662 699 718 quidem
722 679 756 705 ω
789 660 978 717 quidem
993 660 1090 705 iam
1105 662 1403 720 Bruymanus
1485 664 1557 706 est
1573 663 1698 720 Ray„
1721 677 1949 720 suprascr.

273 724 413 768 Halb.
445 722 606 766 Bamb.
639 736 694 765 m.
721 725 762 776 2,
793 735 876 765 om.
910 738 946 778 φ
1036 734 1148 765 nam
1183 719 1319 764 nobis
1361 720 1579 777 equidem
1614 723 1763 765 nouus
1798 735 1951 780 reper-

273 784 371 826 tust
400 780 525 825 Iouis
557 780 670 823 deus
702 781 873 825 conieci

780 904 870 951 EX
913 902 1148 951 HAVTV
1191 902 1447 953 HESTOS

384 985 464 1041 Ἐξ
497 986 641 1029 αὑτοῦ
676 984 811 1036 ἑστώς
841 984 994 1040 qualis
1027 983 1090 1029 sit
1121 985 1345 1030 describit
1377 985 1534 1030 Cicero
1567 985 1822 1030 secundum
1845 985 1953 1030 Pla-

274 1049 431 1091 tonem
461 1045 594 1088 Tusc.
628 1042 743 1100 disp.
769 1043 813 1088 V
838 1049 915 1099 12,
941 1049 1011 1088 36.

274 1137 443 1206 <Est>
479 1136 609 1187 haec
647 1137 860 1187 caterua
897 1134 1053 1204 plane
1092 1135 1432 1206 gladiat6ria‚

278 1222 411 1278 Cum
449 1227 603 1276 suum
642 1223 746 1275 sibi
786 1223 921 1275 alius
959 1223 1134 1276 socius
1172 1224 1376 1277 socium
1414 1225 1630 1278 sauciat.

391 1315 683 1361 Donatusin
706 1317 807 1360 Ter.
835 1316 1018 1374 adelph.
1042 1317 1108 1362 IV
1131 1322 1172 1374 5,
1199 1322 1255 1360 34
1289 1319 1525 1374 ‘praesens
1556 1317 1793 1375 praesenti
1817 1318 1953 1377 eripi]

277 1376 504 1421 adiuuant
536 1375 925 1432 significationem
955 1376 1071 1420 haec
1101 1389 1157 1420 ex
1181 1377 1442 1421 abundanti
1466 1377 1632 1421 addita
1657 1414 1665 1423 .
1686 1413 1694 1421 .
1716 1414 1723 1421 .
1751 1377 1818 1421 sic
1842 1377 1954 1422 Cae—

276 1435 411 1480 cilius
442 1435 492 1478 in
514 1435 929 1481 Exhautuhestoti:
961 1435 1096 1479 haec’
1131 1449 1168 1481 e.
1188 1450 1230 1491 q.
1251 1450 1284 1481 s,
1342 1436 1584 1491 (Caelius
1608 1436 1770 1480 Dresd.
1790 1435 1954 1492 Gand.,

278 1495 382 1541 edd.
405 1493 542 1539 Vind.
568 1494 689 1539 Med.
715 1494 851 1540 Tarv.
909 1493 1098 1539 Celius
1129 1495 1293 1552 Lugd,
1326 1496 1396 1539 ed.
1422 1496 1553 1540 Rom.
1644 1495 1705 1539 in
1733 1495 1956 1540 Exhau-

277 1552 568 1599 tuhestoti
593 1553 868 1611 Spengeh’us
899 1553 957 1597 in
988 1554 1309 1598 exatostoti
1333 1554 1497 1611 Gand.,
1531 1555 1635 1599 edd.
1659 1555 1790 1599 Rom.
1815 1554 1954 1599 Vind.

277 1614 397 1658 Med.
430 1613 564 1658 Tarv.
603 1615 825 1657 mexato
866 1613 1014 1657 scoti
1044 1613 1204 1658 Dresd.
1253 1613 1310 1657 in
1348 1613 1772 1658 hesatoshetim
1808 1614 1954 1671 Lugd.

277 1672 335 1716 in
366 1672 750 1716 Eratosthene
782 1672 940 1730 vulgo)
984 1672 1133 1718 Gloss.
1167 1673 1499 1718 Terentianum
1530 1673 1575 1718 O.
1609 1672 1793 1718 Barthii
1827 1673 1957 1718 ‘Cae-

280 1731 436 1777 cilius:
467 1731 585 1776 haec
618 1767 626 1776 .
655 1769 663 1777 .
698 1746 731 1775 s.
767 1732 821 1776 s.'

397 1818 420 1858 1
452 1813 570 1857 haec
608 1814 680 1856 est
717 1813 945 1871 Berykius
1061 1813 1202 1870 plane
1241 1813 1612 1872 Lindenbroqius
1656 1813 1797 1870 plena
1833 1831 1868 1858 ω

280 1878 305 1916 2
337 1870 514 1917 socium
545 1871 696 1916 socius
727 1874 878 1931 yloss.,
918 1885 1013 1917 ‘non
1049 1874 1166 1918 male
1286 1872 1469 1917 sauciat
1499 1887 1582 1918 om.
1615 1873 1764 1932 Luyd.
1802 1873 1954 1919 Gand.

1031 1998 1208 2046 EXVL

397 2079 613 2123 Fortasse
630 2078 884 2122 secundum
898 2078 1183 2123 Philemonis
1201 2077 1436 2136 Ἀπόλιὸας
1460 2081 1520 2122 ad
1535 2078 1745 2123 Alexidis
1766 2078 1958 2137 Φυγάδα

281 2138 422 2182 refert
453 2137 728 2195 Spengelius
758 2153 802 2195 p.
830 2143 870 2183 6.
1111 2205 1137 2252 I

197 2297 252 2336 40
286 2330 296 2339 .
335 2330 346 2340 .
388 2332 397 2341 .
438 2330 449 2340 .
487 2306 612 2340 nam
649 2287 738 2340 hic
777 2288 835 2340 in
871 2288 1106 2341 tenebris
1142 2287 1290 2340 intus
1328 2305 1439 2340 sese
1479 2287 1826 2342 abscondidit.

399 2381 578 2425 Nonius
605 2385 684 2436 75,
711 2385 765 2424 25
801 2380 1201 2425 ‘abscondidit
1229 2395 1312 2438 pro
1350 2381 1614 2425 abscondit’
1648 2381 1734 2438 (ita
1765 2382 1838 2439 F¹‚
1868 2382 1960 2427 Ro-

284 2439 423 2484 thius.
488 2439 754 2484 ‘abscondit
790 2453 874 2497 pro
908 2439 1223 2484 abscondidit’
1258 2442 1310 2497 φ)
1346 2439 1592 2484 ‘Caecilius
1623 2441 1791 2486 Exule:
1829 2442 1956 2485 nam’

287 2511 323 2542 e.
350 2513 391 2554 q.
419 2514 451 2542 s,
518 2498 818 2555 ‘Pomponius
848 2499 1022 2543 Macois
1053 2498 1250 2556 geminis
1283 2499 1418 2558 [III].’

401 2581 530 2638 nam]
561 2594 684 2623 nunc
713 2582 944 2625 senarium
973 2581 1146 2636 efficere
1175 2586 1323 2625 monet
1348 2581 1471 2626 Rue:
1504 2582 1562 2637 cf.
1588 2581 1681 2626 Leo
1706 2582 1779 2626 Pl.
1799 2582 1855 2626 F.
1875 2587 1959 2626 306

376 2638 620 2682 abscondit
652 2639 887 2684 FHPW
1100 2705 1152 2752 Π

289 2829 299 2839 .
335 2829 345 2839 .
383 2805 491 2839 11611
526 2787 655 2840 haec
692 2789 889 2858 putas?
940 2807 1050 2842 non
1078 2788 1208 2841 haec
1239 2788 1294 2840 in
1327 2789 1482 2841 corde
1513 2792 1794 2842 uersantur
1825 2789 1962 2843 tibi?
2054 2789 2055 2836 ἒ

404 2878 583 2923 Nonius
610 2886 708 2937 369,
733 2887 788 2926 26
825 2883 1076 2939 ‘putare,
1110 2881 1264 2926 animo
1287 2881 1536 2948 ‘disputare
1562 2918 1570 2927 .
1591 2918 1600 2926 .
1622 2882 1650 2928 .’

403 2959 494 3004 tibi
525 2961 578 3017 P,
613 2962 717 3007 Am.
749 2963 788 3006 ti
819 2981 854 3019 φ
