2060 3140
235 125 306 179 56
781 123 1086 170 CAECILIVS
1119 123 1367 170 STATIVS

235 260 286 303 et
315 257 396 314 qui
429 259 592 302 contra
622 271 727 302 eum
751 257 1015 301 Gellianam
1045 257 1185 301 fidem
1214 257 1381 302 merito
1413 258 1675 304 vindicavit
1702 260 1918 305 Bitsche-

236 316 329 361 lius
358 316 389 362 1.
413 317 444 363 1.
471 317 544 375 (cf.
568 332 611 374 p.
640 317 756 373 135).
1275 343 1278 346 -

1060 381 1086 428 I

151 480 205 522 ‘15
238 509 250 521 .
290 509 302 520 .
343 484 650 519 aerumnam
687 466 900 534 pariter
926 463 1160 518 tetulisti'
1193 483 1381 519 meam.

355 567 535 611 Nonius
577 570 681 622 178,
716 570 770 609 17
821 565 1075 622 ‘tetulit,
1121 565 1235 610 tulit
1282 602 1290 610 .
1326 602 1335 610 .
1371 603 1379 612 .
1428 566 1658 612 Caecilius
1703 569 1917 627 Hippo-

237 625 510 671 bolimen:
544 625 830 669 aerumnam’
866 638 904 670 e.
939 639 982 680 q.
1017 639 1050 669 s.
1085 624 1554 682 (Hypobolimaeo
1587 627 1811 685 Scaliger)

357 715 632 759 Praemittas
661 727 772 757 nam
801 727 983 757 mecum

1049 810 1101 857 Π

238 892 412 947 Fssius
449 893 633 962 <meus
673 894 891 963 eccum>
929 893 1129 946 incedit
1161 893 1220 946 1'n
1253 913 1338 947 me
1373 898 1456 947 sat
1488 894 1661 947 hilara
1695 893 1920 947 schema.

358 992 625 1038 Priscianus
662 1010 707 1051 p.
741 999 826 1039 679
858 995 909 1041 Ρ.
974 994 1224 1038 ‘schema
1264 1009 1349 1052 pro
1393 995 1641 1040 schemate.
1703 994 1920 1039 Valerius

243 1090 252 1098 .
281 1090 290 1098 .
318 1090 326 1097 .
351 1052 547 1097 Plautus
574 1090 581 1098 .
610 1090 618 1098 .
647 1089 655 1098 .
682 1052 912 1098 Caecilius
942 1053 994 1097 in
1022 1052 1228 1110 Hippo:
1267 1053 1410 1098 filius’
1445 1068 1483 1099 e.
1517 1069 1560 1111 q.
1594 1069 1628 1099 S.
1661 1053 1921 1111 (cecilius

241 1113 354 1169 Reg.
394 1111 574 1157 Amien.
614 1112 760 1169 Bong.
801 1112 1034 1157 cicilius
1082 1112 1220 1170 Sang.
1262 1112 1392 1158 Grut.
1542 1113 1717 1170 hippo
1756 1113 1919 1157 Bamb.

240 1170 422 1215 Amien.
446 1171 593 1228 Bong.
617 1171 756 1215 Halb.
789 1171 975 1228 hyppo
1005 1171 1113 1216 Vat.
1138 1187 1198 1216 m.
1225 1171 1323 1229 alt,
1347 1186 1435 1217 om.
1459 1187 1518 1216 m.
1544 1188 1611 1229 pr.
1643 1172 1775 1229 ippo
1804 1172 1919 1229 Reg.

241 1230 375 1287 ippo
415 1229 554 1275 Barb.
622 1230 756 1288 lupo
797 1230 935 1287 Sang.
977 1230 1107 1275 Grut.
1171 1244 1311 1288 eppo
1353 1231 1543 1277 Carolir.
1605 1230 1923 1288 Hypoboli-

240 1302 397 1333 maeo
428 1288 662 1340 Robertus
694 1289 976 1348 Stephanus)

361 1391 539 1422 eccum:
571 1378 631 1432 cf.
664 1391 752 1423 cor.
785 1378 891 1421 XXI
921 1379 1129 1423 Bachius
1151 1379 1203 1423 iri
1226 1378 1526 1424 Studemundi
1554 1381 1671 1424 stud.
1703 1379 1747 1422 H
1777 1383 1864 1422 405

241 1436 421 1480 incedit
442 1436 493 1480 in
512 1450 589 1480 me
619 1439 782 1494 scripsi
812 1436 862 1480 in
884 1451 959 1481 me
983 1439 1068 1494 (bis
1090 1437 1288 1496 Amien.)
1311 1437 1491 1482 incedit
1521 1455 1555 1482 ω
1659 1439 1734 1481 sat
1761 1439 1927 1494 scripsi

244 1495 359 1539 satis
391 1512 426 1539 ω
545 1495 718 1550 hilaria
754 1497 863 1554 Req.
925 1495 1067 1540 hilari
1100 1497 1263 1542 Bamb.
1295 1497 1475 1542 Amien.
1597 1510 1752 1541 scema
1783 1497 1921 1555 Samy.

251 1556 386 1600 Vind.
418 1555 566 1613 Bony.
598 1555 743 1600 Barb.
779 1555 910 1600 Grut.
945 1555 1154 1611 Carolir.,
1183 1561 1297 1601 recte
1388 1556 1632 1602 senarium
1662 1557 1770 1601 olim
1800 1555 1924 1599 filius

242 1613 293 1657 in
323 1614 430 1657 med
460 1613 640 1657 incedit
669 1629 771 1659 cum
801 1615 971 1659 Bothio
995 1616 1285 1660 exhibueram

1045 1725 1123 1772 ΙΠ

241 1806 349 1860 Abi
387 1806 515 1860 hinc
553 1811 613 1860 tu
621 1851 636 1879 ,
675 1808 890 1862 stolide:
930 1809 1062 1878 [uss]
1102 1809 1184 1861 illi
1221 1812 1285 1862 ut
1323 1810 1425 1862 tibi
1465 1808 1537 1862 sit
1572 1813 1739 1879 pater.

360 1908 526 1953 Festus
556 1923 602 1965 p.
628 1913 713 1953 317
745 1910 806 1954 Μ.
845 1909 1141 1965 ‘stolidus,
1185 1910 1357 1954 stultus
1399 1937 1457 1943 —
1498 1936 1554 1943 —-
1603 1909 1833 1955 Caecilius
1876 1909 1927 1953 in

243 1967 636 2025 Hypobolimaeo:
669 1968 768 2012 abi’
804 1982 841 2013 e.
860 1984 903 2025 q.
922 1984 956 2014 S.
1006 1969 1167 2025 Senex,
1199 1982 1339 2025 quem
1369 1970 1427 2014 de
1457 1969 1747 2013 restituendo
1780 1969 1926 2013 Chae-

242 2028 443 2071 restrato
489 2027 789 2085 tergiversari
833 2030 995 2072 narrat
1041 2027 1359 2081 Quintilianus
1390 2029 1412 2072 I
1444 2033 1520 2085 10,
1565 2028 1763 2072 stultum
1809 2027 1927 2072 dicit

247 2086 614 2143 adulescentem,
647 2086 728 2143 qui
760 2101 865 2131 cum
897 2088 957 2132 ab
988 2087 1091 2144 ipso
1125 2087 1298 2144 optime
1329 2087 1521 2131 habitus
1552 2087 1715 2143 fuerit,
1750 2087 1847 2131 iam
1876 2087 1927 2130 in
2015 2104 2017 2107 ¹

246 2145 399 2202 ignoti
428 2144 630 2190 hominis
665 2146 854 2190 domum
883 2146 1166 2191 transiturus
1199 2146 1273 2191 sit.

362 2233 435 2277 uis
477 2235 545 2279 vel
588 2233 722 2279 uisne
763 2236 832 2280 vel
877 2236 1057 2292 aliquid
1100 2235 1388 2280 inserendum
1427 2236 1617 2292 putavi3
1677 2234 1752 2278 dic
1791 2249 1926 2292 prop.

245 2293 359 2397 ‚ZZZ
466 2292 539 2335 illi
576 2295 846 2351 interpretor
882 2293 1002 2351 illic,
1046 2295 1098 2338 in
1135 2295 1221 2339 illa
1258 2295 1399 2350 domo.
1446 2293 1528 2337 ille
1559 2295 1779 2350 Bothius,
1819 2294 1926 2349 fort.

1047 2418 1119 2465 IV

249 2499 479 2572 Quaeso,
515 2520 582 2554 ne
620 2506 818 2555 temere
855 2502 993 2555 hanc
1030 2503 1144 2555 rem
1183 2519 1309 2572 agas
1316 2545 1330 2572 ,
1368 2520 1435 2554 ne
1474 2503 1812 2555 iracunditer.

366 2601 547 2646 Nonius
600 2607 708 2659 515,
757 2608 780 2647 1
839 2602 1234 2647 ‘iracunditen
1313 2602 1542 2646 Caecilius
1597 2602 1926 2647 Subditiuo:

254 2661 446 2716 quaeso’
473 2674 510 2706 e.
529 2675 572 2716 q.
596 2677 630 2706 s,
685 2661 752 2706 Cf.
776 2661 1023 2706 Menandri
1053 2661 1142 2707 inc.
1166 2661 1295 2706 XXV
1317 2663 1422 2719 (574
1445 2661 1540 2719 K.):
1574 2662 1616 2706 εἰ
1644 2663 1726 2706 καὶ
1755 2659 1924 2718 σφόδρ’»

249 2720 421 2776 ἀλγεῖς,
462 2719 607 2776 μηδὲν
645 2719 951 2779 ἠρεθισμένος
988 2720 1179 2780 Πράξῃς
1215 2728 1474 2777 προπετῶς·
1516 2721 1655 2778 ὀργῆς
1692 2720 1782 2777 γὰρ
1821 2720 1927 2764 ἀλο-

249 2775 408 2835 γίστου
438 2786 626 2834 κρατεῖν
649 2778 735 2824 Ἐν
763 2787 865 2832 ταῖς
893 2787 1120 2838 ταραχαῖς
1149 2778 1345 2838 μάλιστα
1375 2779 1457 2824 τὸν
1489 2786 1758 2837 φρονοῦντα
1790 2781 1872 2823 δεῖ.
1897 2804 1929 2838 :2³

371 2879 504 2923 agas,
547 2880 605 2910 ne
648 2874 752 2912 ante
793 2868 966 2913 Aldum
1011 2882 1123 2926 agas
1168 2870 1216 2912 et
1255 2882 1314 2912 ne
1358 2885 1421 2915 ωε
1466 2869 1525 2923 cf.
1560 2867 1930 2913 GFWMuezzer

243 2927 426 2982 prosod.
460 2925 615 2971 Plaut.
652 2931 736 2970 154
