2060 3140
750 112 798 156 L.
825 111 1128 156 AFRANIVS
1668 114 1771 166 211

219 244 398 287 Nonius
434 248 530 300 102,
558 248 612 287 15
648 244 974 288 ‘extundere
1014 246 1085 288 est
1116 247 1388 301 extorquere
1418 247 1496 290 uel
1531 246 1772 291 inuenire.'

221 338 243 376 1
277 346 337 389 sq.
379 332 693 388 Septenarium
730 333 972 377 iambicum
1009 335 1333 379 commendavit
1370 335 1427 379 A.
1462 335 1614 379 Luchs
1656 337 1772 380 stud.

99 391 120 434 I
152 396 207 435 69
314 390 474 446 itaque
510 391 646 436 adeo:
680 393 735 447 cf.
766 392 862 436 Ter.
891 393 979 437 hec.
1005 397 1087 435 201
1123 395 1264 448 atque
1297 393 1414 437 adeo
1446 393 1596 438 Aldus
1700 408 1775 438 ex-

97 449 202 494 ficio
237 450 287 493 F
294 449 386 506 2L,
427 452 546 507 quod
584 449 790 494 exfaeeio
829 451 1170 507 interpretabar.
1211 451 1391 496 exsacio
1432 453 1499 496 F¹
1646 467 1774 497 man-

100 509 238 553 datur
275 510 327 553 in
363 510 542 554 senario
572 524 605 554 x
746 509 886 564 idque
926 510 985 554 ab
1026 524 1079 554 eo
1120 511 1344 556 extundo:
1386 513 1442 555 ex
1473 511 1625 556 officio
1660 512 1776 556 mshi

98 568 238 612 datur
268 567 600 612 custodiendus
634 569 736 613 Bue

916 664 960 710 V

97 746 256 799 Hunc
295 746 529 799 Tsrrium
569 749 746 799 autem
785 747 952 799 meria
989 746 1152 815 Tyria
1192 749 1399 800 conciet

215 848 379 891 Festus
410 863 454 903 p.
481 851 566 891 355
590 847 651 892 M.
681 846 876 903 ‘Tyria
904 846 1083 890 maria
1115 847 1165 890 in
1196 849 1494 904 prouerbium
1527 849 1776 893 deductum

98 909 189 962 est3
221 907 346 962 quod
378 906 499 961 Tyro
532 905 716 949 oriundi
746 905 891 949 Poeni
922 906 1038 949 adeo
1070 908 1288 962 potentes
1318 907 1459 951 maris
1491 907 1690 964 fuerunt,
1723 911 1776 952 ut

99 965 312 1009 omnibus
352 964 630 1008 mortalibus
674 963 918 1021 nauigatio
959 966 1080 1008 esset
1127 965 1400 1022 periculosa.
1471 966 1689 1010 Afranius
1727 967 1776 1010 in

96 1023 330 1081 Epistola:
369 1023 509 1067 hunc’
545 1037 582 1068 e.
609 1039 650 1079 q.
679 1039 711 1067 s.

217 1110 418 1154 Tirrium
458 1112 620 1167 scripsi
661 1117 714 1155 ut
750 1125 789 1155 v.
822 1115 918 1155 109.
961 1111 1154 1154 serrium
1193 1114 1286 1157 cod.
1299 1149 1309 1168 ‚
1357 1113 1602 1158 Serranum
1639 1115 1773 1158 inter-

92 1177 284 1227 pretans
313 1173 488 1230 servari
516 1171 676 1215 suadet
703 1171 804 1214 Bue
834 1169 1032 1214 ferreum
1057 1171 1248 1227 Lipsius
1280 1171 1490 1215 Seruium
1520 1174 1588 1217 vel
1619 1186 1775 1216 seruu-

96 1230 194 1273 lum
225 1231 421 1274 Bothius
526 1229 800 1274 Sententiam
831 1243 864 1273 e.
896 1244 930 1274 c.
964 1231 1016 1272 ut
1048 1229 1281 1286 opprimat
1311 1232 1571 1276 concludere
1595 1238 1776 1288 poterat

903 1361 975 1409 VI

97 1446 182 1500 Ita
219 1446 494 1499 intricauit
532 1446 692 1498 huius
730 1446 866 1498 hanc
905 1464 1016 1498 rem
1055 1447 1339 1499 temeritas,

218 1546 397 1590 Nonius
431 1551 470 1603 8,
497 1551 552 1590 28
588 1545 794 1590 ‘tricae
827 1548 956 1590 sunt
993 1546 1311 1603 inpedimenta
1343 1549 1391 1591 et
1423 1546 1769 1604 inplicationes:

99 1610 146 1651 et
176 1605 396 1650 intricare
423 1605 647 1663 inpedire,
678 1605 849 1650 morari
874 1642 882 1650 .
905 1643 911 1650 .
935 1642 942 1648 .
965 1641 973 1649 .
999 1605 1219 1649 Afianius
1243 1605 1476 1670 Epistula:
1508 1606 1595 1650 ita’
1620 1620 1656 1651 e.
1676 1622 1718 1662 q.
1737 1622 1769 1651 S.

215 1693 470 1750 intricauit‚
502 1709 726 1750 suprascr.
760 1698 780 1737 1
811 1693 1058 1750 impediuit
1089 1695 1167 1738 Ba
1284 1694 1404 1738 hanc
1434 1709 1516 1740 om.
1544 1696 1607 1740 W

887 1826 984 1873 VII

662 1909 882 1979 pulchre
920 1910 1022 1963 hoc
1061 1909 1274 1963 incendi
1309 1929 1516 1981 rogum.

97 2000 288 2070 Arde't,
326 2003 557 2052 tenetur:
597 1999 698 2051 hoc
737 1999 976 2067 sepulcro
1016 1999 1235 2068 sepeliet
1774 2013 1857 2054 115

217 2101 396 2145 Nonius
439 2105 546 2157 221,
588 2105 642 2143 23
694 2100 886 2156 ‘rogus
1063 2099 1216 2143 neutri
1267 2099 1486 2144 Afranius
1535 2100 1768 2158 Epistulae

97 2161 307 2218 pulchre’
343 2174 380 2204 e.
405 2174 447 2215 q.
475 2174 508 2203 s.

218 2254 242 2292 2
286 2248 362 2292 hic
409 2262 457 2291 se
502 2247 695 2304 pulchre
741 2248 1046 2292 Neukirchius
1195 2247 1357 2291 Nescio
1402 2262 1466 2291 an
1512 2248 1772 2304 sepulcrum

94 2314 291 2365 praestet
417 2321 523 2363 sepe
555 2309 726 2364 (saepe)
758 2305 870 2350 licet
901 2305 1054 2351 H²W
1078 2305 1328 2362 sepelietur
1356 2306 1536 2351 Aldina
1574 2307 1772 2363 sepeliar

101 2368 292 2412 Guietus
323 2365 590 2423 sepelietur:
628 2365 759 2409 ilicet
794 2365 964 2410 Onions

870 2489 993 2536 VIII

98 2575 239 2628 Nem
270 2575 439 2645 proba
463 2578 515 2627 et
545 2574 737 2644 pudica
769 2574 911 2643 quod
942 2592 1074 2643 sum,
1105 2574 1322 2625 consulo
1355 2577 1407 2625 et
1436 2575 1595 2642 parc6
1623 2574 1770 2643 mihi,

101 2664 362 2727 Quoniam
387 2664 751 2733 comparatum
785 2665 878 2731 est,
908 2679 1013 2714 uno
1046 2664 1107 2713 ut
1137 2661 1303 2713 simus
1328 2663 1605 2714 contentae
1634 2662 1767 2714 uiro.

217 2764 396 2809 Nonius
429 2768 529 2820 256,
561 2769 616 2807 25
659 2765 1010 2818 ‘comparare
1049 2764 1229 2806 ueteres
1269 2762 1537 2806 confirmare
1577 2763 1625 2805 et
1663 2776 1768 2805 con-

102 2823 293 2868 stituere
326 2823 542 2867 dixerunt
574 2858 728 2868 ......
763 2821 982 2864 Afranius
1013 2820 1245 2877 Epistola:
1278 2821 1404 2864 nam’
1439 2835 1477 2865 e.
1503 2836 1544 2877 q.
1572 2835 1606 2864 s.

217 2918 242 2955 2
275 2926 428 2968 quom,
461 2913 511 2955 in
541 2926 625 2969 my.
660 2909 894 2966 quoniam,
927 2909 982 2952 H

1418 2984 1502 3027 14⁸
