2060 3140
672 121 898 166 SEXTVS
929 121 1244 166 TVRPILIVS
1683 123 1786 176 107

916 260 988 308 IV

114 345 285 408 Quam
323 344 498 415 legere
538 347 591 397 te
631 345 893 414 optimum
932 346 1070 397 esset
1108 348 1267 414 atque
1306 344 1708 415 aequissimum,

114 433 351 497 Quacum
391 434 535 485 aetas
575 433 810 504 degenda
850 434 903 486 et
939 433 1232 486 uiuendum
1272 435 1408 486 esseiz
1451 433 1566 486 tibi.

230 534 410 579 Nom‘us
442 539 543 589 332,
576 539 630 577 19
666 533 879 591 ‘legere
912 533 1056 578 ebiam
1087 533 1258 592 eligere
1292 534 1463 578 dicitur
1495 571 1504 578 .
1533 571 1541 579 .
1570 536 1597 580 .’

232 629 255 667 1
289 623 403 679 quin
432 638 511 668 ms.
546 623 694 668 Fabri
724 636 865 678 quom
898 622 1169 668 Gulielmius
1331 625 1380 667 te
1411 637 1494 668 om.
1526 638 1605 669 ms.
1641 623 1790 668 Fabri

201 685 324 726 esset
352 697 430 727 ms.
465 682 617 727 Fabri
648 695 748 725 esse
779 699 814 738 φ
847 695 946 725 esse
979 681 1047 725 ait
1076 697 1110 726 x
1244 688 1269 725 2
1303 682 1515 739 degenda
1547 684 1595 726 et
1625 681 1790 726 uiuen-

111 742 223 785 dum
254 744 377 785 esset
412 741 631 786 Cauterus
673 740 886 797 uegenda
925 743 973 784 e‘n
1012 740 1266 785 uibendum
1312 741 1585 798 (iubendum
1618 741 1661 786 G
1678 742 1735 785 H
1745 742 1788 786 L

112 801 368 844 lubendum
398 802 461 858 B)
494 813 592 844 esse
625 817 659 844 ω

926 880 973 925 V

83 1033 88 1036 .
216 1007 226 1018 .
267 964 543 1033 sperabam
583 963 804 1016 consilia
841 965 1024 1016 nostra
1064 963 1294 1016 diuidiae
1332 964 1456 1033 tibi,
1747 974 1875 1027 58s59

112 1052 246 1106 Cum
285 1054 430 1105 aetius
468 1054 722 1121 aoeessefi,
760 1052 868 1104 non
907 1052 1035 1105 fore.

227 1152 407 1197 Nonius
441 1158 511 1210 96,
544 1158 598 1197 23
635 1152 886 1197 ‘diuidia
919 1155 990 1196 est
1019 1148 1241 1197 tedium.
1270 1189 1278 1197 .
1307 1190 1315 1197 .
1360 1153 1372 1174 ’

237 1244 390 1287 Variis
419 1243 564 1287 modis
592 1243 826 1287 verborum
856 1243 1057 1286 ordinem
1087 1248 1376 1287 mutaverwnt

911 1351 984 1399 VI

109 1437 184 1490 Te
223 1437 437 1506 quidem
477 1436 715 1489 omnium
752 1439 904 1506 pater
942 1436 1048 1488 iam
1088 1437 1275 1506 c6pem
1314 1439 1591 1489 causarum
1642 1437 1784 1490 facit.

225 1537 407 1581 Nonius
440 1541 509 1593 84,
544 1542 596 1580 21
634 1537 787 1594 ‘copi
817 1551 901 1594 pro
934 1536 1120 1594 copioso
1156 1574 1164 1582 .
1193 1574 1201 1582 .
1228 1538 1257 1582 .’

224 1628 359 1683 pater
389 1626 485 1670 iam
515 1626 710 1671 Bothius
739 1625 836 1669 iam
865 1628 1000 1682 pater
1030 1643 1065 1670 ω
1097 1626 1193 1670 iam
1223 1628 1411 1683 praetor
1434 1627 1537 1672 Bue
1627 1627 1707 1671 Ari
1738 1629 1786 1671 be

106 1685 296 1742 quidem
328 1685 608 1742 optimarum
637 1684 734 1728 iam
755 1687 890 1741 pater
912 1684 1228 1730 scribendum?
1319 1700 1565 1730 causarum
1588 1687 1785 1732 Bothius

106 1759 247 1789 causa
279 1758 377 1788 rem
408 1762 442 1788 ω
564 1757 805 1788 casnarem
836 1757 998 1801 copem
1034 1745 1205 1790 Onions

109 1937 202 1992 Set
254 1939 459 2007 nequeo
513 1939 649 1991 ferre
703 1938 845 1990 hunc
901 1938 1100 1990 diutius
1167 1938 1278 2006 <sic
1342 1939 1667 2008 uocif>erari
1733 1943 1786 1993 et

1080 2027 1354 2097 conqueri,

106 2115 221 2170 Nec
260 2118 373 2169 esse
411 2135 535 2168 suae
573 2134 763 2185 parum
803 2115 1137 2184 obsequellae
1178 2158 1496 2169 .......

225 2216 404 2261 Nonius
429 2218 560 2273 215,
601 2220 656 2260 28
708 2216 1101 2272 ‘obsequelam
1146 2215 1370 2260 feminino
1413 2253 1420 2261 .
1457 2253 1465 2260 .
1499 2253 1508 2261 .
1548 2216 1783 2274 Turpilius

108 2275 353 2332 etglero:
387 2277 474 2319 set-⁹
510 2289 548 2320 e.
581 2291 623 2332 q.
658 2290 691 2319 s.
739 2275 1192 2333 (obsequentiam
1221 2275 1532 2319 Neukirchius
1652 2276 1784 2334 Epi-

110 2335 264 2379 clero
295 2334 539 2392 Bentinus)

227 2428 249 2466 1
284 2436 462 2479 nequeo
492 2423 612 2467 ferre
645 2423 865 2468 Cauterus
894 2436 1044 2478 neque
1076 2421 1237 2466 offerre
1269 2440 1304 2466 ω
1441 2422 1507 2467 sic
1537 2423 1784 2468 uociferari

105 2483 269 2538 scripsi
300 2481 442 2526 errari
473 2500 507 2526 ω
555 2496 706 2526 errare
739 2482 961 2527 Cantcrus
1006 2480 1260 2525 conuiciari
1291 2483 1392 2527 Buc
1432 2482 1498 2526 sic
1536 2482 1784 2527 lamentari

107 2542 176 2586 vel
204 2543 490 2585 maerentem
514 2555 664 2585 errare
695 2542 763 2586 vel
792 2555 865 2585 me
892 2540 1145 2585 sollicitare
1169 2542 1443 2586 conieceram
1541 2547 1566 2585 2
1597 2544 1781 2602 parum]

105 2599 308 2656 pretium
344 2600 514 2645 Ouions
633 2600 930 2656 obsequellae
962 2599 1110 2644 ΗΠ)1
1141 2599 1419 2655 obsequelae
1451 2617 1486 2657 φ
1527 2601 1783 2657 obsequen—

105 2657 202 2702 tiae
228 2660 534 2704 Neukirchius
623 2660 899 2705 Sententiam
921 2661 987 2704 sic
1009 2661 1438 2704 circumscribimus:
1472 2660 1568 2706 ‘uec
1597 2662 1671 2705 sui
1695 2675 1781 2718 pa-

106 2732 209 2762 rum
238 2720 460 2763 rationem
489 2720 645 2764 haberi
674 2720 943 2764 clamantem
973 2719 1089 2773 ferre
1114 2718 1315 2775 possum’

888 2827 1012 2874 VIH

106 2910 537 2965 Patrocinantem
574 2911 669 2964 ubi
707 2912 908 2964 fectum
947 2910 1173 2963 audierit
1211 2911 1447 2964 saucium
