2060 3140
237 143 342 196 348
775 141 1037 187 DECIMVS
1067 141 1362 187 LABERIVS

968 309 1167 359 GALLI
1250 331 1252 333 ·

1087 408 1149 460 de
1187 407 1397 479 integro
1435 409 1757 478 patrim6nio

151 513 206 553 50
237 497 357 550 Me6
397 496 654 549 memordi
691 500 968 549 nummum
1007 499 1219 549 centum
1256 495 1418 549 milia.

355 597 531 642 Gellius
555 597 618 641 VI
651 596 767 654 (VH)
800 601 840 652 9,
873 601 898 639 3
934 596 1003 650 ‘Q.
1035 596 1211 640 Ennius
1249 596 1300 640 in
1332 596 1502 641 saturis
1538 596 1904 641 memorderit

238 655 356 700 dixit
391 669 474 712 per
512 669 536 699 e
571 655 799 712 litteram,
839 669 933 699 non
969 655 1361 700 momorderit..
1396 692 1404 700 .
1443 656 1558 700 item
1594 655 1816 700 Laberius
1854 655 1905 698 in

238 714 442 760 Gallis:
483 714 547 758 de
585 714 830 771 integro’
865 728 902 760 e.
929 729 972 781 q.
999 730 1032 759 s.
1101 714 1280 759 Nonius
1317 730 1361 772 p
1390 719 1487 772 140,
1520 719 1577 759 24
1610 714 1905 758 ‘memordi

235 773 423 831 peposci
459 773 633 831 pepugi
665 772 891 830 spepondi
924 773 974 816 ιιι
1004 773 1240 818 uesseribus
1271 773 1396 818 lecta
1427 775 1576 818 sunss.
1637 773 1903 818 ‚Laberius

237 832 287 876 in
318 832 519 878 Callis:
553 833 610 876 de
641 832 842 889 integro'
870 845 907 877 e.
934 847 977 888 q.
1004 848 1038 877 s.

354 925 379 964 2
411 934 515 964 meo
546 920 771 965 memordi
799 935 1039 964 nummum
1069 923 1255 965 centum
1283 920 1415 965 milia
1442 922 1639 966 Bothius
1666 934 1769 964 meo
1801 933 1904 964 cen-

236 982 338 1023 tum
365 979 499 1023 milia
527 994 767 1023 nummum
796 979 1022 1023 memordi
1051 997 1107 1035 ω,
1146 982 1223 1025 sed
1260 994 1499 1023 nummum
1532 994 1614 1024 om.
1639 979 1687 1023 P
1741 979 1907 1023 Minus

232 1039 483 1096 probabilis
523 1040 631 1084 ordo
674 1040 859 1082 censsum
899 1053 1137 1082 nummum
1174 1038 1328 1090 milia,
1374 1041 1442 1083 vel
1476 1041 1584 1084 haec
1619 1052 1906 1083 numerormn

238 1099 515 1142 distributio:
548 1097 605 1141 de
636 1099 819 1154 integro
842 1097 1128 1141 Patrimbnio
1158 1111 1261 1142 meo
1293 1100 1478 1141 centum
1507 1111 1745 1141 nummum
1773 1096 1907 1140 milia

237 1155 476 1201 Mem6rdi.
539 1156 854 1212 &ptenarium
892 1156 949 1199 de
988 1158 1170 1213 integro
1207 1172 1252 1213 p.
1287 1155 1513 1200 memerdi
1552 1158 1737 1200 centum
1773 1155 1907 1199 milia

239 1216 342 1259 Bue
372 1216 649 1260 commendat

927 1353 1221 1403 GEMELLI

238 1451 364 1506 N6n
400 1453 587 1521 putaui
624 1453 726 1506 hoc
764 1453 878 1505 eam
917 1453 1183 1505 facturum
1260 1495 1797 1505 .......

357 1552 533 1596 Gellius
558 1553 580 1596 I
608 1558 647 1610 7,
667 1558 721 1597 12
754 1553 821 1609 (in
846 1553 974 1597 hisce
997 1553 1150 1597 verbis
1176 1553 1407 1598 Ciceronis
1433 1567 1488 1597 ex
1512 1552 1721 1598 oratione
1744 1553 1913 1609 quinta

237 1611 287 1655 in
317 1611 526 1655 Verrem:
569 1612 690 1656 hanc
729 1611 819 1656 sibi
857 1626 954 1656 rem
989 1612 1224 1669 praesidio
1263 1614 1452 1669 sperant
1488 1611 1715 1669 futurum,
1757 1626 1909 1668 neque

237 1671 456 1716 mendum
487 1684 586 1715 esse
616 1685 766 1727 neque
795 1671 982 1729 uihium)
1017 1671 1155 1716 ‘item
1185 1671 1407 1715 Laberius
1441 1671 1492 1715 in
1522 1671 1761 1717 Gemellis:
1799 1685 1908 1715 non

237 1729 460 1786 putaui,
499 1729 674 1787 inquit,
713 1730 815 1774 hoc
855 1744 975 1775 eam
1006 1730 1036 1775 f.
1099 1731 1207 1775 Non
1237 1744 1346 1788 ergo
1383 1730 1466 1774 isti
1503 1744 1660 1774 omnes
1693 1729 1909 1775 soloecis-

238 1803 339 1831 mus
363 1788 476 1844 quid
501 1791 623 1833 esset
644 1789 929 1847 ignorarunt,
955 1790 1036 1834 sed
1060 1792 1108 1834 et
1127 1789 1359 1834 Gracchus
1385 1789 1617 1833 dicturum
1640 1792 1688 1833 et
1712 1788 1909 1843 Quadri-

238 1847 395 1914 garius
426 1847 633 1892 futurum
663 1850 711 1892 eb
744 1848 977 1892 facturum
1008 1850 1055 1893 et
1085 1849 1252 1893 Antias
1282 1862 1603 1906 processurum
1634 1850 1682 1893 et
1711 1848 1907 1892 Plautus

240 1905 497 1950 occisurum
527 1909 575 1951 et
603 1907 877 1952 Laberius
909 1908 1191 1952 facturum
1220 1907 1463 1952 indefinito
1493 1907 1632 1952 modo
1657 1907 1904 1951 dixerunt?

897 2091 1216 2139 HETAERA
1225 2090 1250 2139 Ρ

1063 2195 1088 2242 Ι

240 2274 525 2330 'Ebriulati
565 2279 798 2330 mentem
835 2277 1026 2330 hilaria
1065 2277 1291 2348 arripuil:
1367 2322 1727 2331 .....

355 2377 534 2421 Nonius
575 2382 679 2434 108,
712 2382 740 2421 4
788 2378 1097 2434 ‘ebrulare,
1149 2378 1328 2423 ebrium
1372 2379 1545 2436 facere,
1593 2381 1641 2423 et
1686 2378 1907 2435 ebriatus,

240 2435 407 2480 ebrius.
484 2414 707 2480 Laberius
752 2435 810 2480 in
854 2437 1034 2482 there·
1082 2437 1324 2482 ebriulati’
1364 2452 1400 2483 e.
1435 2453 1478 2494 q.
1512 2453 1545 2482 s,
1601 2437 1906 2495 (ebriolare

240 2493 396 2539 Carrio
420 2495 611 2540 Emend.
635 2496 656 2538 I
681 2501 706 2539 2
739 2509 764 2540 e
794 2510 877 2540 ms.
902 2495 1112 2540 Parisino
1144 2496 1431 2541 ebriulare
1463 2497 1567 2541 edd.
1656 2496 1818 2540 thore
1849 2496 1908 2540 P¹

241 2552 470 2598 Cithera
500 2554 663 2598 Junius
694 2555 941 2599 Hebaera
973 2554 1129 2600 Carrio
1162 2569 1187 2599 e
1221 2555 1370 2600 ‘libris
1403 2555 1750 2613 sanctioribus’)

358 2642 575 2686 ebriolafii
608 2642 768 2688 Carrio
798 2644 991 2689 Emend.
1015 2645 1049 2687 Ι
1074 2649 1099 2687 2
1131 2658 1187 2688 ex
1215 2658 1293 2689 ms.
1319 2645 1470 2689 Paris.
1503 2642 1723 2688 ebruilati
1754 2661 1789 2699 φ

148 2764 151 2767 ι
240 2699 409 2744 hilaria
441 2702 492 2745 F
499 2701 527 2758 ⁸,
560 2702 757 2747 Bothius
786 2701 1005 2746 hilariam
1035 2720 1071 2760 φ
1101 2702 1302 2746 hilaram
1331 2705 1427 2748 edd.
1550 2701 1778 2759 arripiunt
1807 2703 1903 2746 edd.

1052 2842 1103 2889 Π

239 2919 294 2975 N
296 2939 352 2974 ec
389 2923 746 2991 palmularum
782 2924 968 2993 pulsus
1004 2943 1101 2978 nec
1138 2924 1417 2994 portisculi
