2060 3140
679 133 1006 180 MARVLLVS
1065 134 1336 179 chiLrvs
1736 121 1843 188 37'3

289 267 474 311 Servius
505 267 555 310 in
585 267 698 312 Aen.
722 267 809 312 VH
838 271 924 310 499
959 268 1148 324 ‘perque
1179 267 1283 326 ilia]
1321 268 1411 312 hoc
1441 267 1503 311 ile
1535 270 1583 312 et
1612 268 1728 312 haec
1758 267 1842 311 ilia

169 326 297 371 facit.
351 326 460 370 hinc
493 329 540 370 et
569 326 826 372 quenalis:
859 325 932 369 uis
962 326 1107 371 frater
1138 327 1196 370 ab
1227 326 1342 383 ipsis
1365 326 1542 372 Ilibus?
1576 341 1687 370 nam
1718 327 1842 383 quod

169 384 446 429 Marullus
482 384 904 442 mimographus
941 385 1107 430 dixit:
1149 386 1226 429 tu’
1255 399 1292 430 e.
1319 401 1361 442 q.
1388 401 1421 431 S.
1480 387 1617 430 ‘cum
1649 386 1714 429 de
1745 401 1842 443 gu-

168 445 292 489 loso
333 444 587 502 dicerets
612 444 820 488 allusit
857 444 926 488 ad
965 444 1232 489 ciuitatis
1262 459 1472 489 nomen.
1534 459 1644 489 nam
1676 446 1744 489 ab
1774 444 1842 488 ili

171 504 334 548 debuit
369 503 554 547 dicere.'
617 504 747 547 Idem
775 503 825 546 in
856 503 939 547 ecl.
964 504 1051 548 VH
1082 509 1137 548 26
1172 505 1461 560 ‘rumpantur
1490 506 1544 548 ut
1579 503 1682 563 ilia]
1724 504 1844 548 sicut

169 563 313 607 etiam
343 562 394 605 in
424 562 630 606 Aeneide
663 561 884 619 diximus,
921 562 1010 607 hoc
1040 562 1102 606 ile
1135 565 1182 606 et
1211 563 1328 607 haec
1357 562 1442 607 ilia
1472 563 1589 606 facit
1621 600 1629 608 .
1658 599 1666 607 .
1694 600 1702 607 .
1734 577 1845 607 nam

167 622 395 666 Marullus
442 621 789 678 mimographus
836 621 1116 678 contempsit
1161 623 1308 665 artem
1355 622 1415 666 ad
1459 621 1613 666 iocum
1653 636 1842 666 mouen-

171 682 302 736 dum,
350 683 404 724 et
448 681 707 737 parasito
752 679 920 725 dixit:
963 683 1023 724 tu
1066 683 1126 724 ut
1167 681 1376 724 Hector
1422 680 1489 725 ab
1534 681 1644 724 Ilio
1690 695 1843 724 num-

169 754 332 796 quam
375 739 610 784 recedis.
684 742 755 784 est
801 742 958 783 autem
1002 740 1091 783 hoc
1137 739 1314 784 dictum
1357 753 1441 797 per
1487 739 1846 784 amaritudinem

167 799 423 843 rusticam)

287 887 490 932 Marulli
511 887 645 930 verba
667 887 719 930 in
741 888 942 931 senarios
962 888 1132 945 redeyit
1154 888 1350 932 Bothius
1438 886 1625 931 imitare
1652 887 1706 932 G.
1724 888 1843 932 Her-

168 960 367 991 mawnus
403 944 603 988 imitaris
635 944 817 990 Servius
848 947 941 989 loco
972 947 1148 1001 priore.-
1187 948 1327 991 altero
1364 960 1474 990 usus
1507 947 1760 991 testimonio
1790 948 1844 989 ut

167 1005 340 1048 Hector
369 1006 422 1047 tu
453 1003 630 1047 recedis
661 1018 916 1059 numquam
947 1005 1007 1047 ab
1038 1004 1126 1047 Ilio
1158 1006 1482 1049 commendavit
1511 1006 1613 1050 Rue

980 1174 1032 1221 H

278 1257 448 1310 Iulius
486 1255 820 1326 Capitolinus
858 1257 915 1309 in
953 1256 1064 1309 vita
1093 1255 1354 1311 Antonini
1391 1258 1700 1327 philosophi
1738 1275 1778 1310 0.
1812 1258 1843 1310 8

169 1347 367 1416 ‘adepti
421 1346 706 1415 imperium
758 1346 836 1398 ita
890 1345 1121 1398 ciuiliter
1174 1365 1229 1399 se
1280 1346 1436 1399 ambo
1488 1349 1733 1418 egerunt,
1785 1348 1847 1398 ut

167 1436 443 1489 lenitatem
479 1433 566 1486 Pii
603 1453 760 1487 nemo
801 1434 1133 1505 desideraret,
1180 1453 1300 1487 cum
1339 1453 1428 1487 eos
1465 1434 1725 1487 Marullus
1764 1434 1847 1487 sui

168 1523 426 1593 temporis
471 1522 874 1593 mimographus
924 1523 1222 1576 cauillando
1277 1523 1474 1592 inpune
1526 1523 1847 1594 perstringe-

169 1613 283 1665 ret.²
348 1611 425 1664 Of.
464 1614 738 1680 praeterea
776 1629 929 1664 anon.
960 1612 1105 1663 mim.
1136 1612 1200 1664 fr.
1232 1611 1323 1665 XI.

632 1882 1381 1974 chitlvs

289 2037 462 2081 Seneca
501 2035 635 2092 epist
670 2040 710 2092 8,
743 2041 768 2079 9
811 2036 1035 2080 ‘alienum
1074 2039 1145 2081 est
1183 2050 1337 2092 omne,
1377 2036 1600 2092 quicquid
1640 2035 1846 2093 optando

169 2095 328 2140 euenit
359 2094 491 2162 [Syri.
508 2097 622 2139 sent
643 2096 702 2154 1].
750 2095 874 2162 hunc
905 2109 1089 2139 uersum
1122 2110 1150 2139 a
1179 2098 1227 2139 te
1260 2095 1353 2140 dici
1383 2110 1477 2139 non
1506 2094 1647 2152 paulo
1679 2094 1847 2139 melius

170 2156 251 2199 sed.
283 2153 551 2199 adstrictius
581 2153 792 2199 memini:
828 2169 935 2198 non
976 2157 1062 2212 est
1098 2156 1271 2198 tuum’
1299 2169 1337 2199 e.
1362 2169 1405 2210 q.
1432 2170 1465 2200 s.
1525 2154 1672 2197 ‘Illud
1702 2153 1846 2198 etiam

167 2228 289 2258 nunc
342 2213 508 2257 melius
561 2212 737 2256 dictum
784 2227 812 2256 a
855 2216 903 2257 te
953 2228 1047 2257 non
1097 2213 1382 2270 praeteribo:
1439 2213 1562 2257 dari
1613 2213 1840 2257 bonum’

168 2287 205 2318 e.
232 2289 274 2329 q.
303 2288 336 2318 s,
398 2272 699 2316 Rettulerunt
728 2271 852 2316 inter
881 2272 1172 2316 Publilianas
1205 2272 1482 2318 sententias:
1516 2272 1572 2317 cf.
1599 2274 1715 2317 sent.
1739 2271 1849 2315 fals

710 2471 783 2519 IN
787 2470 982 2519 OERTI
1018 2470 1300 2520 NOMINIS

997 2576 1021 2622 I

165 2659 292 2713 Non
331 2660 411 2711 est
449 2661 601 2710 tuum
610 2701 624 2729 7
663 2658 879 2711 fortuna
918 2659 1060 2728 quod
1097 2658 1225 2711 fecit
1262 2662 1431 2712 tuum.

984 2841 1036 2888 H

167 2925 303 2977 Dari
338 2925 539 2977 bonum
579 2924 721 2993 quod
758 2925 958 2995 potuit,
999 2924 1201 2978 auferri
1233 2927 1425 2994 potest.
