2060 3140
106 764 161 803 85

192 101 266 154 24
839 97 932 144 CN.
963 97 1198 144 NAEVIV
1200 97 1230 143 S

995 237 1067 286 VI

195 375 206 384 .
247 334 267 385 ‚⁴
299 373 310 383 .
349 331 445 384 ubi
482 330 574 384 isti
613 331 717 383 duo
757 311 1117 383 adulescentes
1155 328 1384 400 habent,

195 419 297 483 Qui·
334 419 423 472 hic
462 419 584 472 ante
622 421 778 488 parta
815 417 991 488 patria
1027 434 1248 488 peregre
1284 417 1613 489 pr6digunt?

312 526 546 572 Charisius
576 541 619 583 p.
648 530 732 570 189
753 525 803 571 Ρ.
839 525 1102 582 ‘peregre
1131 538 1219 582 pro
1247 525 1431 582 peregri
1461 525 1670 571 Naeuius
1700 525 1750 570 in
1782 525 1870 570 Ta·

192 586 403 632 rentilla:
435 585 535 629 ubi’
570 598 607 628 e.
633 599 677 640 q.
704 599 739 629 s.
1498 622 1503 628 .

1162 766 1351 802 uereor
1388 748 1525 802 serio

315 849 552 895 Charisius
581 864 626 906 p.
654 854 738 894 195
762 849 812 895 P.
849 849 1025 895 ‘serio
1055 863 1140 907 pro
1171 849 1312 894 uere.’

969 1003 1094 1053 VIH

197 1094 347 1149 Salui
386 1098 440 1148 et
477 1095 738 1149 fortunati
777 1094 896 1150 sitis
934 1095 1038 1149 duo
1078 1095 1241 1149 duum
1278 1098 1522 1150 nostrum
1560 1098 1758 1166 patres!

312 1202 548 1247 Charisius
570 1219 616 1261 p.
636 1209 720 1249 102
736 1204 786 1250 P.
816 1203 1011 1248 ‘duum
1027 1239 1037 1248 .
1057 1241 1067 1249 .
1087 1240 1095 1249 .
1114 1202 1321 1249 Naeuius
1345 1203 1396 1249 in
1419 1196 1701 1251 Tarentilla:
1732 1199 1871 1249 salui’¹

195 1275 231 1306 e.
259 1277 302 1317 q.
328 1277 362 1306 s.

313 1357 416 1402 sitis
448 1371 531 1404 om.
563 1338 628 1405 ed.
655 1373 729 1416 pr.

995 1426 1067 1474 IX
1115 1424 1118 1427 .

195 1514 270 1568 Εἰ
304 1516 375 1568 ei:
415 1516 643 1568 etiamne
682 1516 880 1569 audent
916 1533 1125 1570 mecum
1163 1535 1269 1570 una
1307 1516 1596 1587 apparere?
1637 1560 1647 1570 .
1688 1560 1698 1570 .
1740 1560 1751 1570 .

314 1616 549 1661 Charisius
579 1632 624 1674 p.
652 1622 736 1661 213
759 1617 810 1662 P.
846 1616 922 1661 ‘ei
955 1617 1038 1662 ei.’

314 1712 517 1757 etiamne
551 1713 733 1758 Keaius
763 1714 953 1759 coniecit
982 1712 1078 1757 etia
1109 1727 1186 1757 am
1217 1727 1266 1758 se
1296 1715 1390 1760 cod.
1487 1713 1663 1758 audent
1690 1727 1873 1758 mecum

197 1785 290 1815 una
324 1771 590 1818 Fabricius:
622 1785 696 1816 me
728 1785 885 1816 eoram
914 1773 1082 1818 malim.
1117 1772 1293 1817 audent
1321 1773 1376 1817 In
1408 1786 1432 1817 e
1464 1787 1568 1817 eum
1599 1786 1694 1818 una
1723 1775 1816 1819 eod.

1013 1928 1058 1974 X

198 2015 312 2080 Qua
348 2035 446 2086 pro
486 2017 806 2071 confidentia
843 2035 1004 2072 ausus
1040 2019 1267 2072 uerbum
1306 2036 1428 2072 eum
1466 2037 1527 2072 eo
1566 2019 1760 2073 fuerim

196 2105 389 2159 Facere
427 2124 584 2159 rusus

314 2214 550 2259 Charisius
565 2229 610 2271 p.
631 2219 716 2259 193
731 2215 825 2260 P.
835 2229 1028 2259 rursus
1052 2217 1230 2283 negant
1252 2213 1346 2259 dici
1371 2214 1552 2271 debere,
1579 2215 1662 2259 sed
1676 2230 1872 2273 rursum,

196 2276 251 2317 ut
279 2273 460 2319 iterum.
508 2274 639 2318 Maro
670 2276 830 2318 tamen
860 2288 1054 2318 rursus
1083 2278 1114 2319 >ok
1143 2273 1317 2318 inueni.
1366 2287 1478 2318 nam
1506 2273 1565 2317 is'
1600 2274 1824 2331 (Naeuius
1834 2277 1873 2324 ⁴2)

201 2332 268 2376 ‘in
305 2332 584 2378 Tarentilla.
631 2333 741 2389 qua’
776 2346 814 2378 e.
840 2347 930 2389 q.s
935 2369 944 2377 .
1008 2333 1182 2399 (Maro
1215 2335 1398 2389 tamen,
1437 2332 1679 2378 Scandunt
1714 2348 1872 2378 rursus

199 2405 381 2456 equum.
428 2391 637 2436 Naeuius
668 2392 719 2436 in
742 2391 1018 2436 Tarentilla’
1043 2390 1285 2436 Fabricius
1313 2392 1462 2436 ‘Maro
1494 2394 1665 2450 tamen,
1697 2392 1873 2436 Rursus

198 2465 248 2493 m
286 2463 414 2494 arma
452 2450 594 2508 ferm-3
636 2450 910 2518 Seandunt.
961 2487 970 2496 .
1012 2453 1060 2495 et
1095 2453 1255 2495 tamen
1287 2450 1338 2494 in
1368 2450 1484 2495 loeis
1514 2451 1685 2495 Naeuii
1715 2466 1872 2495 rursus

198 2508 472 2552 inuenimuS.
541 2524 652 2554 nam
697 2509 738 2554 is
785 2509 835 2553 in
881 2509 951 2555 Τ.’
1013 2509 1261 2554 Putsehius
1311 2510 1455 2566 ‘apud
1502 2512 1683 2555 ueteres
1729 2509 1873 2554 etiam

199 2581 332 2611 rusus
363 2567 647 2615 inuenimus:
678 2568 886 2614 Naeuius
917 2568 967 2612 in
1000 2568 1069 2613 '12’
1133 2568 1251 2614 coni.
1282 2568 1480 2626 Keilius)

319 2667 341 2706 1
374 2677 456 2719 pro
481 2665 575 2708 cod.
606 2678 743 2721 porro
759 2666 825 2710 ed.
837 2679 912 2722 pr.
996 2678 1106 2708 usus
1130 2664 1324 2708 uerbum
1340 2678 1445 2709 cum
1462 2678 1515 2710 eo
1531 2663 1699 2709 fuerim
1721 2663 1875 2708 facere

200 2723 298 2777 (om
331 2723 481 2778 rusus)
513 2724 627 2778 cod„
667 2726 845 2770 correxi
883 2726 1039 2781 (ausus
1070 2725 1165 2769 iam
1194 2723 1454 2782 Putschius)
1491 2738 1648 2767 rursus
1679 2723 1874 2767 uerbum

187 2794 305 2823 .cum
350 2793 404 2824 eo
452 2780 601 2824 ausim
645 2782 798 2827 faeere
845 2785 910 2828 ed
948 2797 1022 2839 pr.
1143 2796 1236 2838 qua
1279 2796 1363 2839 pro
1403 2781 1685 2827 confidentia
1722 2781 1874 2824 Rusus

199 2838 416 2940 uerbumII
439 2853 543 2941 {1331
589 2853 643 2884 eo
689 2841 889 2887 facerem
903 2848 923 2886 ?
976 2843 1092 2887 coni.
1137 2842 1339 2899 Keilius‚
1390 2843 1556 2899 probat
1602 2841 1873 2886 Bit-schelius

201 2912 348 2955 opusc.
