2060 3140
667 130 894 176 SEXTVS
926 131 1239 176 TVRPILIVS
1687 133 1710 184 1
1721 132 1789 185 21

798 270 1103 319 PAEDIVM

237 366 302 413 Cf.
334 365 538 412 Παιδίον
568 366 814 412 Menandri
843 366 1117 424 Apollodori
1146 366 1402 424 Posidippi.
1448 366 1794 410 Inducebantur

119 425 438 470 adulescentes
485 426 599 483 duo,
646 440 843 482 quorum
888 426 1007 470 alter
1051 426 1192 484 longo
1236 425 1404 470 itinere
1450 424 1794 484 (advenientem

118 484 352 542 parasitus
384 484 562 529 salutat
591 484 645 530 fr.
677 486 714 542 Ι)
744 498 955 530 reversus
985 484 1192 542 puellam
1223 485 1449 542 optimam
1479 485 1571 542 (IV.
1588 484 1648 541 V)
1680 483 1794 528 olim

63 577 68 581 -
118 558 147 588 a
178 557 227 588 se
259 545 466 588 amatam
503 544 596 601 (VI.
628 544 751 601 VH),
795 558 995 600 quacum
1039 543 1135 588 iam
1178 544 1371 601 nuptiae
1418 543 1462 588 ei
1508 542 1792 588 constitutae

118 602 318 659 fuerant,
350 602 536 647 fastidit
558 603 651 660 (IX.
668 603 742 660 X),
774 603 895 647 alter
923 602 1156 647 meretrici
1186 603 1374 648 cuidam
1403 602 1697 660 mancipatus
1721 604 1795 647 est

116 662 253 719 (VIII.
285 662 378 720 IX).
441 661 702 707 Crudelitas
733 661 860 706 illius
891 662 945 706 fr.
970 662 1047 719 XI,
1078 661 1264 719 puellae
1296 665 1454 707 autem
1483 662 1792 706 mansuetudo

117 722 166 765 et
211 720 302 764 sibi
349 720 564 766 diffidens
610 721 842 766 modestia
887 720 941 765 fr.
974 721 1017 765 V
1047 720 1269 778 tangitur.
1340 722 1411 766 Fr.
1444 721 1508 765 IX
1545 720 1794 766 consilium

118 782 402 824 memoratur
423 780 493 825 rei
522 780 592 825 ita
623 780 983 837 componendae,
1016 782 1071 824 ut
1099 780 1356 824 meretricis
1389 780 1566 825 amicus
1599 779 1792 825 alterius

116 838 219 883 vice
249 840 456 896 puellam
485 838 781 896 repudiatam
812 839 955 883 ducat
983 838 1034 882 in
1063 839 1424 886 matrimonium.

944 964 970 1011 I

120 1047 282 1101 Cuius
321 1047 554 1101 aduentu
592 1048 767 1101 insula
803 1047 962 1101 h6die
1001 1047 1166 1100 claret
1206 1046 1425 1117 Cypros

232 1148 412 1193 Nonius
445 1152 516 1205 85,
547 1153 602 1192 21
639 1149 867 1206 ‘claret,
911 1148 1038 1193 clara
1076 1149 1164 1193 est’
1207 1147 1324 1205 (‘sit’
1358 1151 1405 1205 x)
1446 1148 1542 1192 ‘uel
1580 1148 1789 1193 clareat.’

233 1236 373 1281 hodie
404 1255 461 1283 co:
492 1252 748 1283 menswram
778 1239 961 1293 defendi
989 1239 1138 1283 coroll.
1163 1237 1397 1282 XXXVIII
1426 1237 1619 1282 hocedie
1650 1239 1793 1297 Bery—

115 1297 219 1342 kius
249 1310 397 1354 opusc.
430 1297 451 1340 I
484 1301 568 1341 112
689 1297 750 1341 da
778 1296 925 1340 claret
953 1312 987 1342 x
1017 1296 1253 1341 conclaret
1277 1311 1602 1354 proposueram

923 1436 975 1483 II

116 1519 236 1592 Ego
275 1519 612 1589 praestolabo
651 1519 733 1572 illi
772 1520 1005 1573 oscitans
1043 1523 1164 1572 ante
1205 1519 1439 1573 ostium?

234 1619 413 1664 Nonius
444 1624 546 1676 475,
578 1625 634 1664 30
668 1620 978 1677 ‘prestolat
1007 1635 1091 1678 pro
1122 1620 1438 1678 prestolatur.’

234 1707 308 1751 illi
339 1708 542 1753 oscitans
574 1710 682 1753 ante
714 1708 887 1753 ostium
911 1710 1109 1755 Bothius
1139 1711 1472 1768 (interroyandi
1498 1711 1680 1769 siynum
1711 1711 1791 1756 ad·

117 1769 233 1825 diat)
264 1767 355 1811 lico
387 1767 543 1812 cicant
573 1768 728 1824 optitli
763 1769 864 1813 Ba¹
901 1767 974 1812 illi
1011 1771 1066 1812 ut
1104 1767 1271 1813 citanti
1303 1768 1381 1826 opi
1413 1769 1501 1813 sim
1530 1784 1609 1815 ms.
1645 1770 1795 1815 Fabri

116 1826 189 1870 illi
221 1840 274 1871 eo
308 1826 484 1871 citante
516 1826 714 1884 opitium
744 1826 965 1884 (opicium
994 1829 1050 1872 H
1052 1828 1067 1853 ¹
1084 1829 1144 1885 P)
1175 1846 1210 1886 φ

111 2008 116 2011 .
916 1966 991 2015 ΠΙ

116 2092 437 2103 .......
475 2049 789 2121 progredior
826 2051 969 2103 foras

114 2137 301 2192 Visere
340 2139 470 2208 quid
506 2138 594 2192 hic
631 2139 851 2192 tumulti

231 2238 412 2283 Nonius
443 2244 544 2295 489,
577 2245 634 2284 30
668 2240 928 2284 ‘tumulti
961 2276 969 2284 .
997 2275 1006 2284 .
1034 2241 1063 2285 .’

237 2332 259 2371 1
292 2327 591 2385 praegredior
622 2329 688 2373 L¹
868 2334 893 2372 2
932 2329 1009 2373 hic
1040 2330 1235 2374 Bothius
1270 2329 1322 2373 hi
1351 2330 1414 2374 L¹
1446 2330 1554 2375 hinc
1586 2332 1643 2376 H
1655 2332 1720 2378 W
1742 2332 1792 2376 in

117 2386 195 2432 Ba
217 2386 286 2431 12²
308 2387 355 2431 P
467 2387 660 2433 tumulti
691 2390 801 2432 ante
831 2387 953 2432 fores
985 2406 1041 2445 ω,
1072 2390 1166 2433 nisi
1203 2391 1322 2446 quod
1361 2403 1421 2433 an
1452 2405 1540 2447 pro
1572 2392 1681 2436 ante
1714 2392 1793 2437 W:

115 2447 224 2492 eieci
251 2447 467 2505 ylossema

917 2542 990 2590 IV

1175 2613 1282 2665 iam
1321 2613 1499 2666 desine
1794 2629 1878 2670 155

116 2683 424 2738 Meminisse
462 2685 607 2738 illius
644 2686 888 2738 formam.

234 2784 414 2829 Nonius
446 2790 547 2841 500,
580 2790 606 2829 6
641 2786 1035 2830 ‘accusatiuus
1066 2801 1150 2843 pro
1181 2787 1401 2844 genetiuo
1435 2824 1444 2832 .
1472 2823 1480 2832 .
1507 2824 1517 2833 .
1546 2789 1574 2833 .’

114 2931 179 2975 ΙΙ
203 2878 354 2977 6ἐ839.
401 2875 628 2920 trochaeos
672 2878 834 2921 statuit
875 2875 1182 2931 Grautoffilus:
1227 2877 1284 2931 cf.
1324 2877 1597 2923 Bitschelius
1641 2892 1790 2936 opusc.
