2060 3140
464 839 932 911 DECIMVS
1001 839 1533 912 LABERIVS

770 999 1228 1047 ALEXANDREA

163 1097 305 1161 Quid
336 1101 415 1150 est
445 1098 528 1150 ius
558 1097 876 1151 iurandum?
915 1099 1259 1168 emplastrum
1292 1099 1427 1151 aeris
1458 1098 1616 1150 alieni
1646 1141 1834 1152 .....

281 1196 457 1241 GeHius
495 1197 602 1243 XVI
643 1203 682 1253 7,
717 1203 772 1242 14
818 1199 918 1242 ‘sed
964 1198 1087 1242 enim
1130 1198 1180 1242 in
1226 1198 1388 1255 mim0,
1435 1212 1573 1254 quem
1619 1198 1830 1256 scripsit’

161 1256 419 1314 (Laberius)
467 1256 845 1313 ‘Alexandream,
907 1258 1070 1301 eodem
1122 1257 1310 1313 quidem
1365 1272 1455 1313 quo
1502 1257 1692 1315 uulgus,
1755 1259 1837 1302 sed

160 1316 304 1382 probe
356 1315 614 1371 Latineque
667 1331 776 1359 usus
824 1318 895 1360 est
940 1316 1115 1360 Graeco
1160 1317 1411 1362 uocabulo:
1466 1317 1836 1384 emplastrum

162 1374 285 1418 enim
325 1373 444 1418 dixit
486 1373 764 1431 οὐθετέρως,
809 1389 904 1442 non
940 1389 1107 1432 genere
1149 1375 1392 1433 feminino,
1439 1377 1493 1419 ut
1534 1375 1616 1419 isti
1656 1375 1833 1420 nouieii

161 1432 416 1478 semidocti
477 1434 633 1478 Verba
663 1447 720 1478 ex
751 1448 804 1478 eo
835 1433 976 1478 mimo
1010 1434 1223 1491 adposui.
1265 1434 1378 1490 quid
1409 1435 1504 1478 est’
1539 1448 1576 1479 e.
1602 1449 1645 1491 q
1673 1449 1707 1479 8.

279 1523 506 1568 Baccheos
531 1524 758 1568 dimeraeus
784 1529 882 1568 erat
907 1524 960 1567 iri
983 1523 1052 1566 Μ.
1072 1523 1253 1568 Hertzii
1282 1524 1474 1568 editione
1498 1522 1833 1579 Fleckeisenus,

160 1582 333 1626 iambos
363 1583 415 1625 iri
445 1583 569 1638 epist.
594 1583 692 1627 crit.
718 1596 767 1639 p.
792 1586 849 1625 40
879 1583 1024 1627 hosce:
1064 1581 1177 1637 quid.
1213 1584 1284 1626 est
1320 1582 1392 1626 1118
1423 1582 1702 1627 iurandum?
1742 1596 1833 1626 em-

158 1639 388 1696 plastrum
419 1639 562 1684 alieni
592 1641 711 1684 aeris
746 1677 754 1686 .
783 1677 791 1685 .
818 1642 1069 1697 proposuit.
1125 1641 1226 1699 Eyo
1258 1643 1366 1686 olim
1395 1643 1579 1687 iambici
1609 1643 1835 1687 octonarii

158 1701 359 1803 {rustussi
387 1713 731 1757 proposueram,
769 1705 865 1744 tum
893 1701 1119 1745 trochaeos
1142 1702 1348 1756 praetuli
1464 1700 1578 1756 quid
1609 1701 1700 1758 est]
1732 1699 1835 1755 qui-

193 1771 266 1802 em
343 1772 423 1803 oss.

725 1883 914 1931 ANNA
950 1883 1271 1930 PERANNA

278 1979 343 2024 Cf.
378 1979 535 2024 Ovidii
564 1979 689 2023 Fast.
714 1979 779 2022 III
811 1984 895 2022 675
922 1975 1019 2034 sqq.

237 2202 544 2255 Gonlabella
583 2202 837 2255 osculum.
980 2133 1006 2180 I

274 2302 453 2346 Nonius
486 2307 554 2358 90,
588 2307 642 2346 21
687 2302 1044 2346 ‘conlabella
1110 2301 1333 2346 Laberius
1375 2301 1668 2346 annalium
1705 2315 1830 2358 per-

158 2376 327 2407 anna:
361 2376 398 2405 c.
424 2362 483 2406 o.'
519 2362 692 2418 (Anna
723 2362 978 2405 Perenna
1009 2360 1190 2419 Junius)

277 2450 470 2495 Creticos
500 2451 686 2508 ayriovit
715 2451 912 2495 Bothius

967 2588 1018 2635 Π

158 2673 442 2744 gubernus
516 2672 719 2741 planus.
797 2689 980 2723 nanus,

275 2772 451 2817 Gellius
474 2771 581 2816 XVI
605 2777 718 2828 7,10
746 2771 985 2815 ‘Laberius
1019 2808 1027 2816 .
1048 2809 1056 2816 .
1077 2808 1084 2816 .
1118 2774 1360 2828 praeterea
1385 2771 1436 2814 in
1442 2772 1594 2814 Anna
1616 2771 1830 2815 Peranna

156 2832 485 2889 gubernum’
513 2831 597 2888 (sic
630 2830 806 2875 correxi
838 2830 993 2875 ooroll.
1016 2830 1245 2874 LXXXVI
1278 2829 1613 2887 gubernium
1643 2830 1742 2887 m)‘
1745 2844 1829 2886 pro

157 2891 468 2948 gubernatore
492 2893 539 2934 et
569 2889 799 2947 planum
828 2903 911 2946 pro
938 2890 1225 2946 sycophanta
1258 2893 1305 2933 et
1335 2903 1536 2932 nanum
1565 2902 1648 2945 pro
1679 2888 1830 2946 pumi-

1476 2963 1562 3006 22*
