2060 3140
206 146 243 196 4
685 159 687 161 -
738 140 936 186 Lrvws
966 104 1356 185 ANDRomcvs

213 277 330 322 tum’
351 290 389 321 e.
407 291 450 331 q.
470 290 504 319 s,
552 274 755 332 (leuius
781 274 881 318 cod.
933 271 1883 330 VirgineScaligerVirgaDuentzerus
1927 298 1930 301 -

302 335 516 391 Auriga
534 333 585 379 Ο.
604 333 840 378 Guenther
857 332 1034 389 ephem.
1052 346 1207 388 gymn.
1224 330 1542 375 Berolin.XIV
1555 335 1654 375 813.
1708 330 1883 387 Verpo

213 394 313 451 ipse
344 393 543 438 conieci:
585 406 645 436 an
675 392 889 448 Vargo?
951 389 1016 435 Cf.
1050 389 1157 434 cel.
1181 389 1224 433 H
1247 395 1334 434 204
1369 391 1641 446 ‘uarguus
1681 388 1885 447 βλησός’,

214 468 297 497 scr.
319 446 1183 509 ‘uargus'(i.e.ualgus)‘ffloew69.’
1217 446 1470 492 Naeuius
1497 448 1554 492 in
1569 448 1823 505 Lycurgo
1839 449 1886 504 x)

331 541 605 584 ornamentu
642 537 898 581 incendunt
936 535 1088 580 nobili
1124 535 1357 593 ignobiles
1388 538 1483 582 cod.
1515 538 1787 580 ornamento
1818 535 1888 579 in’-

214 600 386 644 cedunt
415 597 629 655 gnobiles
658 595 859 653 ignobili
886 596 936 640 0.
955 596 1209 640 Muellerus
1231 597 1503 640 ornamento
1526 594 1751 639 incedunt
1773 609 1889 652 gno-

212 658 321 714 bili,
361 672 443 703 om.
484 654 737 713 ignobileS,
777 655 991 713 Scaliger.
1060 654 1246 699 Verswm
1282 655 1464 711 expleas
1500 655 1732 699 scribendo
1768 653 1889 697 istoc

215 717 484 761 ornamento
522 716 591 760 vel
629 715 901 760 ornamento
939 713 1060 757 istoc
1097 712 1340 770 incedunt3
1391 719 1704 758 ornamentum
1741 719 1892 758 autem

213 778 402 832 fortasse
430 775 631 819 ‘mentula
655 779 737 824 est.
807 771 1033 833 (ornati)
1064 775 1335 816 ornamento
1366 771 1631 829 i.gnobilid
1659 770 1890 828 ignobiles

214 835 308 880 Leo
337 835 494 879 Plaut.
528 833 712 878 Forsch.
737 835 793 875 80

558 955 830 1005 INGERTI
866 955 1147 1004 NOMINIS
1186 954 1550 1012 RELIQVIAE

1036 1056 1063 1106 I

1274 1128 1480 1180 affatim

219 1203 330 1257 Eds
361 1203 476 1256 bibi
514 1203 619 1255 lusi

332 1303 469 1348 Pauli
505 1303 670 1347 Festus
701 1317 746 1359 p.
774 1307 827 1346 11
852 1303 914 1347 Μ.
950 1301 1207 1347 ‘affatim
1247 1302 1425 1346 dictum
1464 1317 1493 1346 a
1531 1302 1666 1359 copia
1697 1301 1893 1359 fatendi,

218 1363 316 1408 siue
356 1362 662 1407 abundanter.
722 1361 905 1407 Liuius:
953 1360 1151 1406 affatim’
1193 1374 1233 1407 e.
1258 1376 1301 1417 q.
1332 1376 1367 1406 s.
1430 1360 1667 1419 Scaligero
1705 1361 1896 1405 Homeri

219 1423 380 1480 Odyss.
411 1422 497 1466 XV
527 1426 612 1465 373
651 1434 868 1478 expressa
906 1420 1210 1465 videbantur:
1253 1420 1310 1464 cf.
1350 1420 1443 1464 Leo
1482 1420 1511 1465 1.
1544 1420 1574 1466 l.
1608 1426 1677 1465 81.
1738 1419 1896 1464 Etiam

219 1482 413 1526 creticos
447 1479 640 1525 discribi
667 1493 805 1537 posse
835 1482 995 1524 monet
1024 1480 1122 1534 Bue

1029 1583 1081 1630 H

924 1660 1150 1712 necorde
1189 1662 1243 1712 et
1279 1659 1519 1712 malefica

220 1735 451 1788 Vacerra

337 1821 501 1865 Festus
539 1835 583 1877 p.
618 1824 703 1864 375
735 1819 797 1864 M.
849 1819 1165 1863 ‘uacerram
1202 1819 1364 1863 Aelius
1412 1821 1460 1863 et
1508 1818 1592 1862 alii
1638 1818 1897 1875 complures

221 1879 380 1924 uocari
410 1879 544 1924 aiunt
574 1878 796 1936 stipitem,
829 1878 891 1922 ad
922 1891 1060 1934 quem
1091 1892 1233 1934 equos
1266 1878 1449 1922 soleant
1477 1877 1701 1936 religare.;
1731 1877 1897 1921 Ateius

221 1953 331 1983 uero
369 1938 640 1996 Philologus
685 1938 775 1982 hoc
820 1937 1009 1982 nomine
1055 1937 1310 1994 significari
1355 1937 1660 1981 maledictum
1697 1950 1898 1993 magnae

223 1997 513 2053 acerbitatis,
559 1999 614 2041 ut
652 1996 714 2041 sit
751 2010 920 2041 uecors.
952 1998 1000 2041 et
1037 2010 1237 2041 uesanus
1275 1998 1397 2040 teste
1434 1995 1591 2052 Liuio,
1638 1994 1719 2051 qui
1759 1995 1898 2040 dicit:

223 2057 436 2101 uecorde’
472 2070 510 2100 e.
535 2071 579 2112 q.
605 2071 639 2100 s.
671 2056 758 2113 (ad
793 2069 954 2112 quem
985 2069 1156 2112 equos
1187 2055 1383 2100 Vrsinus
1410 2091 1646 2100 .......
1672 2054 1790 2098 ices
1823 2068 1899 2099 ex-

224 2118 381 2173 cerpta
420 2115 618 2160 Victorii
705 2115 809 2159 hoc
853 2114 1078 2159 nomine
1121 2113 1459 2172 significari
1497 2114 1645 2158 male
1686 2113 1912 2166 dictum,

224 2174 417 2219 Vrsinus
465 2189 571 2219 ,um
609 2173 678 2218 ad
714 2174 859 2218 male
899 2173 1199 2219 dicendum
1229 2187 1325 2218 exc.
1371 2172 1574 2218 Victorii
1603 2172 1749 2216 male
1781 2173 1900 2217 dic-

225 2237 340 2277 tum
377 2234 447 2277 ad
484 2233 630 2278 male
662 2233 963 2277 dicendum
991 2231 1212 2278 Vaticani
1241 2232 1314 2276 RS
1405 2234 1468 2276 ut
1500 2232 1578 2276 sit
1607 2232 1899 2299 Augustinus

227 2295 274 2336 et
297 2292 490 2336 Vrsinus
521 2295 583 2336 ut
611 2295 697 2336 est
725 2291 946 2337 Vaticani
974 2292 1048 2337 RS
1075 2328 1112 2336 ..
1136 2290 1335 2335 Victorii
1368 2294 1481 2348 exc.)
1516 2291 1706 2348 Homeri
1731 2290 1894 2348 Odyss.

226 2352 269 2395 Π
293 2356 377 2395 243
409 2351 634 2409 Scaliger,
665 2351 796 2396 XVII
819 2356 904 2395 248
936 2350 989 2395 G.
1014 2351 1304 2395 Hermannus
1335 2350 1480 2396 Elem.
1508 2355 1592 2394 626
1633 2363 1899 2407 expressum
1965 2379 1968 2382 »

219 2412 379 2467 putat.

350 2489 373 2527 1
502 2485 639 2528 corde
678 2485 906 2530 Victorius
943 2496 998 2528 ex
1029 2484 1256 2529 Pontiam
1292 2485 1554 2542 apoyrapho
1592 2497 1754 2528 uecors
1793 2483 1900 2528 Sca-

232 2544 343 2601 liyer
422 2543 621 2586 malefici
646 2545 837 2588 Victorii
858 2557 948 2588 eoec.
1059 2548 1085 2586 2
1117 2556 1309 2586 uacerra
1334 2543 1534 2601 Scaliyer
1563 2541 1782 2587 uecordia
1804 2544 1899 2586 cod.

235 2638 272 2646 ..
293 2637 302 2646 .
322 2637 330 2646 .
354 2602 551 2645 necorde
582 2604 630 2646 et
649 2603 871 2646 malefica
900 2603 1091 2646 uacerra
1121 2603 1321 2647 numeris
1350 2601 1588 2654 Satur-uiis,
1607 2602 1902 2646 Hermauuus

233 2779 408 2849 Lepus
445 2783 561 2832 tute
598 2799 674 2833 es:
715 2705 1119 2851 pulpamentungi
1157 2782 1367 2851 quaeris
1388 2825 1402 2847 ¹.
1429 2825 1440 2835 .
1466 2825 1476 2835 .

351 2879 577 2936 Vopiscus
617 2881 674 2925 de
712 2882 995 2927 Numeriano
1025 2887 1079 2926 13
1119 2881 1368 2939 (scriptorr.
1401 2882 1511 2928 hist.
1540 2882 1660 2940 Aug.
1684 2883 1727 2925 H
1751 2887 1834 2926 221
1861 2882 1899 2926 J.

237 2943 321 2982 223
345 2939 414 2996 Ρ.)
454 2939 565 2996 ‘ipsi
603 2939 801 2996 denique
840 2941 1005 2986 comici
1040 2941 1311 2998 plerumque
1350 2941 1416 2985 sic
1457 2941 1630 2986 milites
1661 2941 1891 2985 inducunt
