<?xml version="1.0" encoding="UTF-8"?>
<!DOCTYPE html PUBLIC "-//W3C//DTD XHTML 1.0 Transitional//EN"
    "http://www.w3.org/TR/xhtml1/DTD/xhtml1-transitional.dtd">
<html xmlns="http://www.w3.org/1999/xhtml" xml:lang="en" lang="en">
 <head>
  <title>
</title>
<meta http-equiv="Content-Type" content="text/html;charset=utf-8" />
  <meta name='ocr-system' content='tesseract 3.04.00' />
  <meta name='ocr-capabilities' content='ocr_page ocr_carea ocr_par ocr_line ocrx_word'/>
</head>
<body>
  <div class='ocr_page' id='page_1' title='image "./scaenicaeromanor02ribbuoft_0108.png"; bbox 0 0 2060 3140; ppageno 0'>
   <div class='ocr_carea' id='block_1_1' title="bbox 275 108 1429 177">
    <p class='ocr_par' dir='ltr' id='par_1_1' title="bbox 275 108 1429 177">
     <span class='ocr_line' id='line_1_1' title="bbox 275 108 1429 177; baseline 0.001 -11"><span class='ocrx_word' id='word_1_1' title='bbox 275 122 347 177; x_wconf 83' lang='lat'><strong>96</strong></span> <span class='ocrx_word' id='word_1_2' title='bbox 799 121 1046 168; x_wconf 77' lang='lat' dir='ltr'><strong>Lvscivs</strong></span> <span class='ocrx_word' id='word_1_3' title='bbox 1062 108 1429 167; x_wconf 72' lang='lat' dir='ltr'><strong>&#39;LANVVINVs</strong></span> 
     </span>
    </p>
   </div>
   <div class='ocr_carea' id='block_1_2' title="bbox 273 254 1955 478">
    <p class='ocr_par' dir='ltr' id='par_1_2' title="bbox 273 254 1955 478">
     <span class='ocr_line' id='line_1_2' title="bbox 391 254 1955 313; baseline 0.001 -13"><span class='ocrx_word' id='word_1_4' title='bbox 391 256 538 300; x_wconf 89' lang='lat' dir='ltr'><strong>Varro</strong></span> <span class='ocrx_word' id='word_1_5' title='bbox 571 255 629 299; x_wconf 91' lang='lat' dir='ltr'><strong>de</strong></span> <span class='ocrx_word' id='word_1_6' title='bbox 660 255 689 300; x_wconf 92' lang='lat' dir='ltr'><strong>l.</strong></span> <span class='ocrx_word' id='word_1_7' title='bbox 716 255 744 299; x_wconf 94' lang='grc'><strong>1.</strong></span> <span class='ocrx_word' id='word_1_8' title='bbox 770 255 857 299; x_wconf 88' lang='lat' dir='ltr'><strong>VH</strong></span> <span class='ocrx_word' id='word_1_9' title='bbox 888 259 974 299; x_wconf 82' lang='lat'><strong>104</strong></span> <span class='ocrx_word' id='word_1_10' title='bbox 1008 254 1232 299; x_wconf 82' lang='lat' dir='ltr'><strong>‘Maccius</strong></span> <span class='ocrx_word' id='word_1_11' title='bbox 1263 254 1313 298; x_wconf 84' lang='lat' dir='ltr'><strong>in</strong></span> <span class='ocrx_word' id='word_1_12' title='bbox 1338 255 1507 300; x_wconf 81' lang='lat' dir='ltr'><strong>Casina</strong></span> <span class='ocrx_word' id='word_1_13' title='bbox 1539 269 1568 299; x_wconf 86' lang='lat' dir='ltr'><strong>a</strong></span> <span class='ocrx_word' id='word_1_14' title='bbox 1598 254 1843 313; x_wconf 88' lang='lat' dir='ltr'><strong>fringuilla</strong></span> <span class='ocrx_word' id='word_1_15' title='bbox 1869 292 1880 301; x_wconf 88' lang='lat'><strong>.</strong></span> <span class='ocrx_word' id='word_1_16' title='bbox 1906 291 1917 300; x_wconf 93' lang='lat'><strong><em>.</em></strong></span> <span class='ocrx_word' id='word_1_17' title='bbox 1944 293 1955 302; x_wconf 92' lang='lat'><em>.</em></span> 
     </span>
     <span class='ocr_line' id='line_1_3' title="bbox 273 313 1953 372; baseline -0.001 -13"><span class='ocrx_word' id='word_1_18' title='bbox 273 321 305 372; x_wconf 84' lang='lat'>†</span> <span class='ocrx_word' id='word_1_19' title='bbox 334 329 438 360; x_wconf 91' lang='lat' dir='ltr'><strong>sues</strong></span> <span class='ocrx_word' id='word_1_20' title='bbox 472 315 715 359; x_wconf 86' lang='lat' dir='ltr'><strong>auoluerat</strong></span> <span class='ocrx_word' id='word_1_21' title='bbox 743 313 831 357; x_wconf 86' lang='lat' dir='ltr'><strong>ita&#39;</strong></span> <span class='ocrx_word' id='word_1_22' title='bbox 867 327 905 358; x_wconf 93' lang='lat' dir='ltr'><strong>e.</strong></span> <span class='ocrx_word' id='word_1_23' title='bbox 924 329 965 370; x_wconf 89' lang='lat' dir='ltr'><strong>q.</strong></span> <span class='ocrx_word' id='word_1_24' title='bbox 986 328 1019 358; x_wconf 84' lang='lat' dir='ltr'><strong>S.</strong></span> <span class='ocrx_word' id='word_1_25' title='bbox 1069 313 1230 358; x_wconf 82' lang='lat' dir='ltr'><strong>Sueti</strong></span> <span class='ocrx_word' id='word_1_26' title='bbox 1262 316 1339 370; x_wconf 88' lang='lat' dir='ltr'><strong>(sc.</strong></span> <span class='ocrx_word' id='word_1_27' title='bbox 1374 314 1521 372; x_wconf 83' lang='lat' dir='ltr'><strong>Suei)</strong></span> <span class='ocrx_word' id='word_1_28' title='bbox 1556 329 1585 359; x_wconf 87' lang='lat' dir='ltr'><strong>a</strong></span> <span class='ocrx_word' id='word_1_29' title='bbox 1614 315 1953 359; x_wconf 89' lang='lat' dir='ltr'><strong>uolucribus</strong></span> 
     </span>
     <span class='ocr_line' id='line_1_4' title="bbox 275 359 1952 420; baseline -0.001 0"><span class='ocrx_word' id='word_1_30' title='bbox 275 375 327 420; x_wconf 93' lang='grc' dir='ltr'><strong>Ο.</strong></span> <span class='ocrx_word' id='word_1_31' title='bbox 366 373 630 418; x_wconf 80' lang='lat' dir='ltr'><strong>Muellerus,</strong></span> <span class='ocrx_word' id='word_1_32' title='bbox 694 372 824 416; x_wconf 83' lang='lat' dir='ltr'><strong>Suei</strong></span> <span class='ocrx_word' id='word_1_33' title='bbox 870 386 898 416; x_wconf 90' lang='lat' dir='ltr'><strong>a</strong></span> <span class='ocrx_word' id='word_1_34' title='bbox 945 372 1182 416; x_wconf 87' lang='lat' dir='ltr'><strong>colubra</strong></span> <span class='ocrx_word' id='word_1_35' title='bbox 1226 359 1475 418; x_wconf 79' lang='lat' dir='ltr'><strong>Baehrens.</strong></span> <span class='ocrx_word' id='word_1_36' title='bbox 1537 373 1836 418; x_wconf 88' lang='lat' dir='ltr'><strong>quentius</strong></span> <span class='ocrx_word' id='word_1_37' title='bbox 1884 374 1952 418; x_wconf 90' lang='lat' dir='ltr'><strong>ab</strong></span> 
     </span>
     <span class='ocr_line' id='line_1_5' title="bbox 273 431 1953 478; baseline 0 -1"><span class='ocrx_word' id='word_1_38' title='bbox 273 433 433 478; x_wconf 79' lang='lat' dir='ltr'><strong>ulula</strong></span> <span class='ocrx_word' id='word_1_39' title='bbox 479 432 767 477; x_wconf 88' lang='lat' dir='ltr'><strong>conieceram</strong></span> <span class='ocrx_word' id='word_1_40' title='bbox 808 445 923 475; x_wconf 89' lang='lat' dir='ltr'><strong>mus.</strong></span> <span class='ocrx_word' id='word_1_41' title='bbox 955 431 1101 475; x_wconf 84' lang='lat' dir='ltr'><strong>Rhen.</strong></span> <span class='ocrx_word' id='word_1_42' title='bbox 1135 431 1307 476; x_wconf 91' lang='lat' dir='ltr'><strong>XXVII</strong></span> <span class='ocrx_word' id='word_1_43' title='bbox 1339 436 1444 477; x_wconf 84' lang='lat'>183:</span> <span class='ocrx_word' id='word_1_44' title='bbox 1485 432 1541 477; x_wconf 88' lang='lat' dir='ltr'><strong>cf.</strong></span> <span class='ocrx_word' id='word_1_45' title='bbox 1576 433 1733 477; x_wconf 89' lang='lat' dir='ltr'><strong>coroll.</strong></span> <span class='ocrx_word' id='word_1_46' title='bbox 1765 432 1953 478; x_wconf 86' lang='lat' dir='ltr'>XXXII.</span> 
     </span>
    </p>
   </div>
   <div class='ocr_carea' id='block_1_3' title="bbox 267 518 1965 743">
    <p class='ocr_par' dir='ltr' id='par_1_3' title="bbox 267 518 1965 743">
     <span class='ocr_line' id='line_1_6' title="bbox 391 518 1965 580; baseline 0.001 -16"><span class='ocrx_word' id='word_1_47' title='bbox 391 521 461 564; x_wconf 88' lang='lat' dir='ltr'><strong>ita</strong></span> <span class='ocrx_word' id='word_1_48' title='bbox 490 519 692 565; x_wconf 78' lang='lat' dir='ltr'><strong>tradidi:</strong></span> <span class='ocrx_word' id='word_1_49' title='bbox 723 518 837 575; x_wconf 89' lang='lat' dir='ltr'><strong>quid</strong></span> <span class='ocrx_word' id='word_1_50' title='bbox 867 519 948 564; x_wconf 82' lang='lat' dir='ltr'><strong>ni‘?</strong></span> <span class='ocrx_word' id='word_1_51' title='bbox 977 532 1129 575; x_wconf 88' lang='lat' dir='ltr'><strong>neque</strong></span> <span class='ocrx_word' id='word_1_52' title='bbox 1161 518 1248 562; x_wconf 89' lang='lat' dir='ltr'><strong>hili</strong></span> <span class='ocrx_word' id='word_1_53' title='bbox 1272 518 1572 580; x_wconf 79' lang='lat' dir='ltr'><strong>(existumo)</strong></span> <span class='ocrx_word' id='word_1_54' title='bbox 1597 520 1830 565; x_wconf 78' lang='lat' dir='ltr'>Iudicium</span> <span class='ocrx_word' id='word_1_55' title='bbox 1859 557 1868 566; x_wconf 92' lang='lat'>.</span> <span class='ocrx_word' id='word_1_56' title='bbox 1886 556 1898 566; x_wconf 88' lang='lat'><strong>.</strong></span> <span class='ocrx_word' id='word_1_57' title='bbox 1916 555 1928 566; x_wconf 88' lang='lat'><strong>.</strong></span> <span class='ocrx_word' id='word_1_58' title='bbox 1953 555 1965 566; x_wconf 93' lang='lat'>.</span> 
     </span>
     <span class='ocr_line' id='line_1_7' title="bbox 271 578 1962 638; baseline 0 -13"><span class='ocrx_word' id='word_1_59' title='bbox 271 580 464 625; x_wconf 88' lang='lat' dir='ltr'><strong>trittiles</strong></span> <span class='ocrx_word' id='word_1_60' title='bbox 505 578 727 638; x_wconf 73' lang='lat' dir='ltr'><strong>(Voces)</strong></span> <span class='ocrx_word' id='word_1_61' title='bbox 765 580 875 624; x_wconf 78' lang='lat' dir='ltr'><strong>olim</strong></span> <span class='ocrx_word' id='word_1_62' title='bbox 920 580 1032 623; x_wconf 70' lang='lat' dir='ltr'><strong>lusi:</strong></span> <span class='ocrx_word' id='word_1_63' title='bbox 1076 592 1202 624; x_wconf 78' lang='lat' dir='ltr'><strong>mmo</strong></span> <span class='ocrx_word' id='word_1_64' title='bbox 1246 579 1299 623; x_wconf 73' lang='lat' dir='ltr'><strong>in</strong></span> <span class='ocrx_word' id='word_1_65' title='bbox 1335 580 1570 636; x_wconf 70' lang='lat' dir='ltr'><strong>desperato</strong></span> <span class='ocrx_word' id='word_1_66' title='bbox 1600 580 1696 626; x_wconf 77' lang='lat' dir='ltr'><strong>loeo</strong></span> <span class='ocrx_word' id='word_1_67' title='bbox 1725 581 1832 625; x_wconf 71' lang='lat' dir='ltr'><strong>‘nolo</strong></span> <span class='ocrx_word' id='word_1_68' title='bbox 1862 594 1962 625; x_wconf 82' lang='lat' dir='ltr'><strong>am-</strong></span> 
     </span>
     <span class='ocr_line' id='line_1_8' title="bbox 267 636 1964 698; baseline 0 -14"><span class='ocrx_word' id='word_1_69' title='bbox 267 641 396 698; x_wconf 75' lang='lat' dir='ltr'><strong>plius</strong></span> <span class='ocrx_word' id='word_1_70' title='bbox 419 639 691 694; x_wconf 76' lang='lat' dir='ltr'><strong>periclitari.</strong></span> <span class='ocrx_word' id='word_1_71' title='bbox 738 636 809 681; x_wconf 87' lang='lat' dir='ltr'><strong>ita</strong></span> <span class='ocrx_word' id='word_1_72' title='bbox 832 637 1106 695; x_wconf 74' lang='lat' dir='ltr'><strong>tragoediae</strong></span> <span class='ocrx_word' id='word_1_73' title='bbox 1133 638 1140 697; x_wconf 88' lang='grc'><strong>1</strong></span> <span class='ocrx_word' id='word_1_74' title='bbox 1167 651 1261 693; x_wconf 87' lang='lat' dir='ltr'><strong>qua</strong></span> <span class='ocrx_word' id='word_1_75' title='bbox 1283 636 1335 682; x_wconf 89' lang='lat' dir='ltr'><strong>in</strong></span> <span class='ocrx_word' id='word_1_76' title='bbox 1355 638 1405 681; x_wconf 79' lang='lat' dir='ltr'><strong>re</strong></span> <span class='ocrx_word' id='word_1_77' title='bbox 1428 651 1580 694; x_wconf 78' lang='lat' dir='ltr'><strong>neque</strong></span> <span class='ocrx_word' id='word_1_78' title='bbox 1602 637 1654 683; x_wconf 84' lang='lat' dir='ltr'><strong>in</strong></span> <span class='ocrx_word' id='word_1_79' title='bbox 1674 638 1770 684; x_wconf 86' lang='lat' dir='ltr'><strong>iud.</strong></span> <span class='ocrx_word' id='word_1_80' title='bbox 1791 653 1830 685; x_wconf 83' lang='lat' dir='ltr'><strong>e.</strong></span> <span class='ocrx_word' id='word_1_81' title='bbox 1855 653 1895 697; x_wconf 75' lang='lat' dir='ltr'><strong>q.</strong></span> <span class='ocrx_word' id='word_1_82' title='bbox 1919 652 1964 684; x_wconf 84' lang='lat'><strong>8.</strong></span> 
     </span>
     <span class='ocr_line' id='line_1_9' title="bbox 275 696 997 743; baseline -0.004 0"><span class='ocrx_word' id='word_1_83' title='bbox 275 700 378 743; x_wconf 81' lang='lat' dir='ltr'><strong>Bue</strong></span> <span class='ocrx_word' id='word_1_84' title='bbox 408 710 520 742; x_wconf 77' lang='lat' dir='ltr'><strong>mus.</strong></span> <span class='ocrx_word' id='word_1_85' title='bbox 554 696 697 742; x_wconf 75' lang='lat' dir='ltr'><strong>Rhen.</strong></span> <span class='ocrx_word' id='word_1_86' title='bbox 731 696 881 740; x_wconf 88' lang='lat' dir='ltr'>XXIX</span> <span class='ocrx_word' id='word_1_87' title='bbox 914 701 997 740; x_wconf 81' lang='grc'><strong>197</strong></span> 
     </span>
    </p>
   </div>
   <div class='ocr_carea' id='block_1_4' title="bbox 277 821 1151 960">
    <p class='ocr_par' dir='ltr' id='par_1_4' title="bbox 277 821 1151 960">
     <span class='ocr_line' id='line_1_10' title="bbox 277 821 1151 960; baseline -0.007 -16"><span class='ocrx_word' id='word_1_88' title='bbox 277 890 597 960; x_wconf 80' lang='lat' dir='ltr'><strong>scrupipeda</strong></span> <span class='ocrx_word' id='word_1_89' title='bbox 1102 821 1151 868; x_wconf 74' lang='lat' dir='ltr'><strong>V</strong></span> 
     </span>
    </p>
   </div>
   <div class='ocr_carea' id='block_1_5' title="bbox 273 991 1956 1226">
    <p class='ocr_par' dir='ltr' id='par_1_5' title="bbox 273 991 1956 1226">
     <span class='ocr_line' id='line_1_11' title="bbox 390 991 1956 1050; baseline 0.001 -14"><span class='ocrx_word' id='word_1_90' title='bbox 390 992 538 1036; x_wconf 85' lang='lat' dir='ltr'><strong>Varro</strong></span> <span class='ocrx_word' id='word_1_91' title='bbox 571 993 629 1036; x_wconf 89' lang='lat' dir='ltr'><strong>de</strong></span> <span class='ocrx_word' id='word_1_92' title='bbox 659 991 744 1037; x_wconf 93' lang='grc'><strong>1.1.</strong></span> <span class='ocrx_word' id='word_1_93' title='bbox 770 992 856 1037; x_wconf 91' lang='lat' dir='ltr'><strong>VH</strong></span> <span class='ocrx_word' id='word_1_94' title='bbox 889 996 943 1037; x_wconf 81' lang='lat'><strong>65</strong></span> <span class='ocrx_word' id='word_1_95' title='bbox 975 992 1037 1037; x_wconf 88' lang='lat' dir='ltr'><strong>M.</strong></span> <span class='ocrx_word' id='word_1_96' title='bbox 1074 991 1499 1050; x_wconf 85' lang='lat' dir='ltr'><strong>‘scrupipedam</strong></span> <span class='ocrx_word' id='word_1_97' title='bbox 1528 991 1744 1036; x_wconf 83' lang='lat' dir='ltr'><strong>Aurelius</strong></span> <span class='ocrx_word' id='word_1_98' title='bbox 1789 992 1956 1037; x_wconf 85' lang='lat' dir='ltr'><strong>scribit</strong></span> 
     </span>
     <span class='ocr_line' id='line_1_12' title="bbox 273 1050 1951 1108; baseline 0 -12"><span class='ocrx_word' id='word_1_99' title='bbox 273 1051 334 1096; x_wconf 88' lang='lat' dir='ltr'><strong>ab</strong></span> <span class='ocrx_word' id='word_1_100' title='bbox 367 1051 662 1108; x_wconf 85' lang='lat' dir='ltr'><strong>scauripeda:</strong></span> <span class='ocrx_word' id='word_1_101' title='bbox 708 1051 950 1096; x_wconf 86' lang='lat' dir='ltr'><strong>quentius</strong></span> <span class='ocrx_word' id='word_1_102' title='bbox 982 1050 1186 1096; x_wconf 91' lang='lat' dir='ltr'><strong>comicus</strong></span> <span class='ocrx_word' id='word_1_103' title='bbox 1218 1051 1408 1096; x_wconf 85' lang='lat' dir='ltr'><strong>dicebat</strong></span> <span class='ocrx_word' id='word_1_104' title='bbox 1438 1066 1467 1096; x_wconf 90' lang='lat' dir='ltr'><strong>a</strong></span> <span class='ocrx_word' id='word_1_105' title='bbox 1498 1050 1752 1095; x_wconf 83' lang='lat' dir='ltr'><strong>uermiculo</strong></span> <span class='ocrx_word' id='word_1_106' title='bbox 1778 1050 1951 1108; x_wconf 77' lang='lat' dir='ltr'><strong>piloso,</strong></span> 
     </span>
     <span class='ocr_line' id='line_1_13' title="bbox 273 1109 1955 1168; baseline 0.001 -15"><span class='ocrx_word' id='word_1_107' title='bbox 273 1110 354 1166; x_wconf 90' lang='lat' dir='ltr'><strong>qui</strong></span> <span class='ocrx_word' id='word_1_108' title='bbox 386 1109 506 1155; x_wconf 87' lang='lat' dir='ltr'><strong>solet</strong></span> <span class='ocrx_word' id='word_1_109' title='bbox 536 1124 637 1155; x_wconf 87' lang='lat' dir='ltr'><strong>esse</strong></span> <span class='ocrx_word' id='word_1_110' title='bbox 671 1110 722 1154; x_wconf 90' lang='lat' dir='ltr'><strong>in</strong></span> <span class='ocrx_word' id='word_1_111' title='bbox 751 1110 915 1155; x_wconf 86' lang='lat' dir='ltr'><strong>fronde</strong></span> <span class='ocrx_word' id='word_1_112' title='bbox 946 1125 1052 1155; x_wconf 91' lang='lat' dir='ltr'><strong>cum</strong></span> <span class='ocrx_word' id='word_1_113' title='bbox 1081 1110 1242 1155; x_wconf 86' lang='lat' dir='ltr'><strong>multis</strong></span> <span class='ocrx_word' id='word_1_114' title='bbox 1273 1109 1494 1168; x_wconf 77' lang='lat' dir='ltr'><strong>pedibus3</strong></span> <span class='ocrx_word' id='word_1_115' title='bbox 1522 1109 1740 1155; x_wconf 77' lang='lat' dir='ltr'><strong>Valerius</strong></span> <span class='ocrx_word' id='word_1_116' title='bbox 1772 1125 1802 1156; x_wconf 87' lang='lat' dir='ltr'><strong>a</strong></span> <span class='ocrx_word' id='word_1_117' title='bbox 1825 1111 1955 1168; x_wconf 81' lang='lat' dir='ltr'><strong>pede</strong></span> 
     </span>
     <span class='ocr_line' id='line_1_14' title="bbox 273 1169 1250 1226; baseline 0.001 -13"><span class='ocrx_word' id='word_1_118' title='bbox 273 1184 329 1213; x_wconf 89' lang='lat' dir='ltr'><strong>ac</strong></span> <span class='ocrx_word' id='word_1_119' title='bbox 362 1170 588 1226; x_wconf 86' lang='lat' dir='ltr'><strong>scrupea.’</strong></span> <span class='ocrx_word' id='word_1_120' title='bbox 652 1169 719 1215; x_wconf 80' lang='lat' dir='ltr'><strong>cf.</strong></span> <span class='ocrx_word' id='word_1_121' title='bbox 751 1169 910 1214; x_wconf 85' lang='lat' dir='ltr'><strong>Plauti</strong></span> <span class='ocrx_word' id='word_1_122' title='bbox 940 1169 995 1214; x_wconf 86' lang='lat' dir='ltr'><strong>fr.</strong></span> <span class='ocrx_word' id='word_1_123' title='bbox 1029 1174 1115 1214; x_wconf 90' lang='grc'><strong>100</strong></span> <span class='ocrx_word' id='word_1_124' title='bbox 1147 1169 1250 1214; x_wconf 83' lang='lat' dir='ltr'><strong>Sch.</strong></span> 
     </span>
    </p>
   </div>
   <div class='ocr_carea' id='block_1_6' title="bbox 673 1486 1576 1560">
    <p class='ocr_par' dir='ltr' id='par_1_6' title="bbox 673 1486 1576 1560">
     <span class='ocr_line' id='line_1_15' title="bbox 673 1486 1576 1560; baseline 0.003 -4"><span class='ocrx_word' id='word_1_125' title='bbox 673 1487 1026 1560; x_wconf 79' lang='lat' dir='ltr'>LVSOIVS</span> <span class='ocrx_word' id='word_1_126' title='bbox 1086 1486 1576 1560; x_wconf 79' lang='lat' dir='ltr'>LANVVINVS</span> 
     </span>
    </p>
   </div>
   <div class='ocr_carea' id='block_1_7' title="bbox 277 1610 1953 1716">
    <p class='ocr_par' dir='ltr' id='par_1_7' title="bbox 277 1610 1953 1716">
     <span class='ocr_line' id='line_1_16' title="bbox 277 1610 1953 1714; baseline 0 -58"><span class='ocrx_word' id='word_1_127' title='bbox 277 1670 314 1714; x_wconf 80' lang='grc' dir='ltr'><strong>Τ</strong></span> <span class='ocrx_word' id='word_1_128' title='bbox 391 1611 688 1714; x_wconf 54' lang='grc' dir='ltr'><strong>Οὲξῃοηιίῑίἰε</strong></span> <span class='ocrx_word' id='word_1_129' title='bbox 727 1611 925 1656; x_wconf 78' lang='lat' dir='ltr'><strong>formam</strong></span> <span class='ocrx_word' id='word_1_130' title='bbox 960 1611 1293 1656; x_wconf 72' lang='lat' dir='ltr'><strong>‘Lanuvinus</strong></span> <span class='ocrx_word' id='word_1_131' title='bbox 1328 1611 1594 1657; x_wconf 76' lang='lat' dir='ltr'><strong>vindicavit</strong></span> <span class='ocrx_word' id='word_1_132' title='bbox 1626 1610 1857 1656; x_wconf 70' lang='lat' dir='ltr'><strong>{Dziatzko</strong></span> <span class='ocrx_word' id='word_1_133' title='bbox 1890 1611 1953 1656; x_wconf 89' lang='lat' dir='ltr'><strong>ad</strong></span> 
     </span>
     <span class='ocr_line' id='line_1_17' title="bbox 319 1679 669 1716; baseline 0.006 -2"><span class='ocrx_word' id='word_1_134' title='bbox 319 1683 379 1715; x_wconf 88' lang='lat' dir='ltr'><strong>er.</strong></span> <span class='ocrx_word' id='word_1_135' title='bbox 412 1679 414 1686; x_wconf 80' lang='grc'>’</span> <span class='ocrx_word' id='word_1_136' title='bbox 485 1684 595 1715; x_wconf 88' lang='lat' dir='ltr'><strong>orm.</strong></span> <span class='ocrx_word' id='word_1_137' title='bbox 661 1707 669 1716; x_wconf 93' lang='lat'>.</span> 
     </span>
    </p>
   </div>
   <div class='ocr_carea' id='block_1_8' title="bbox 269 1781 1958 2039">
    <p class='ocr_par' dir='ltr' id='par_1_8' title="bbox 269 1781 1958 2039">
     <span class='ocr_line' id='line_1_18' title="bbox 986 1781 1261 1830; baseline 0.004 -2"><span class='ocrx_word' id='word_1_138' title='bbox 986 1781 1261 1830; x_wconf 79' lang='lat' dir='ltr'>PHASMA</span> 
     </span>
     <span class='ocr_line' id='line_1_19' title="bbox 419 1878 1951 1950; baseline 0 -18"><span class='ocrx_word' id='word_1_139' title='bbox 419 1879 662 1932; x_wconf 83' lang='lat' dir='ltr'><strong>Donatus</strong></span> <span class='ocrx_word' id='word_1_140' title='bbox 722 1879 781 1932; x_wconf 88' lang='lat' dir='ltr'><strong>in</strong></span> <span class='ocrx_word' id='word_1_141' title='bbox 840 1878 956 1933; x_wconf 80' lang='lat' dir='ltr'><strong>Ter.</strong></span> <span class='ocrx_word' id='word_1_142' title='bbox 1003 1898 1119 1933; x_wconf 79' lang='lat' dir='ltr'><strong>eun.</strong></span> <span class='ocrx_word' id='word_1_143' title='bbox 1166 1880 1299 1950; x_wconf 85' lang='lat' dir='ltr'><strong>prol.</strong></span> <span class='ocrx_word' id='word_1_144' title='bbox 1348 1880 1381 1932; x_wconf 88' lang='lat'>9</span> <span class='ocrx_word' id='word_1_145' title='bbox 1445 1880 1611 1934; x_wconf 67' lang='lat' dir='ltr'><strong>evidem</strong></span> <span class='ocrx_word' id='word_1_146' title='bbox 1669 1879 1951 1933; x_wconf 77' lang='lat' dir='ltr'><strong>Menandri</strong></span> 
     </span>
     <span class='ocr_line' id='line_1_20' title="bbox 269 1967 1958 2039; baseline 0 -19"><span class='ocrx_word' id='word_1_147' title='bbox 269 1967 500 2021; x_wconf 84' lang='lat' dir='ltr'><strong>Phasma</strong></span> <span class='ocrx_word' id='word_1_148' title='bbox 547 1986 690 2021; x_wconf 85' lang='lat' dir='ltr'><strong>nunc</strong></span> <span class='ocrx_word' id='word_1_149' title='bbox 733 1987 905 2038; x_wconf 82' lang='lat' dir='ltr'><strong>nuper</strong></span> <span class='ocrx_word' id='word_1_150' title='bbox 951 1968 1118 2039; x_wconf 80' lang='lat' dir='ltr'><strong>dedit]</strong></span> <span class='ocrx_word' id='word_1_151' title='bbox 1168 1969 1302 2022; x_wconf 80' lang='lat' dir='ltr'><strong>bene</strong></span> <span class='ocrx_word' id='word_1_152' title='bbox 1350 1987 1492 2022; x_wconf 84' lang='lat' dir='ltr'><strong>nunc</strong></span> <span class='ocrx_word' id='word_1_153' title='bbox 1536 1987 1731 2039; x_wconf 78' lang='lat' dir='ltr'><strong>nuper,</strong></span> <span class='ocrx_word' id='word_1_154' title='bbox 1780 1972 1842 2021; x_wconf 87' lang='lat' dir='ltr'><strong>ut</strong></span> <span class='ocrx_word' id='word_1_155' title='bbox 1893 1987 1958 2021; x_wconf 89' lang='lat' dir='ltr'><strong>ex</strong></span> 
     </span>
    </p>
   </div>
   <div class='ocr_carea' id='block_1_9' title="bbox 268 2056 1962 2376">
    <p class='ocr_par' dir='ltr' id='par_1_9' title="bbox 268 2056 1962 2376">
     <span class='ocr_line' id='line_1_21' title="bbox 268 2056 1958 2126; baseline 0 -17"><span class='ocrx_word' id='word_1_156' title='bbox 268 2057 546 2109; x_wconf 83' lang='lat' dir='ltr'><strong>uicinitate</strong></span> <span class='ocrx_word' id='word_1_157' title='bbox 606 2057 736 2110; x_wconf 87' lang='lat' dir='ltr'><strong>facti</strong></span> <span class='ocrx_word' id='word_1_158' title='bbox 799 2058 1044 2111; x_wconf 88' lang='lat' dir='ltr'><strong>ostendat</strong></span> <span class='ocrx_word' id='word_1_159' title='bbox 1096 2057 1234 2110; x_wconf 87' lang='lat' dir='ltr'><strong>nihil</strong></span> <span class='ocrx_word' id='word_1_160' title='bbox 1288 2075 1400 2111; x_wconf 91' lang='lat' dir='ltr'><strong>esse</strong></span> <span class='ocrx_word' id='word_1_161' title='bbox 1455 2056 1741 2110; x_wconf 88' lang='lat' dir='ltr'><strong>dicendum</strong></span> <span class='ocrx_word' id='word_1_162' title='bbox 1797 2074 1958 2126; x_wconf 88' lang='lat' dir='ltr'><strong>quam</strong></span> 
     </span>
     <span class='ocr_line' id='line_1_22' title="bbox 274 2145 1962 2215; baseline 0 -18"><span class='ocrx_word' id='word_1_163' title='bbox 274 2146 604 2214; x_wconf 68' lang='lat' dir='ltr'><strong>displicuerit</strong></span> <span class='ocrx_word' id='word_1_164' title='bbox 641 2145 771 2198; x_wconf 87' lang='lat' dir='ltr'><strong>haec</strong></span> <span class='ocrx_word' id='word_1_165' title='bbox 811 2146 1084 2199; x_wconf 86' lang='lat' dir='ltr'><strong>comoedia</strong></span> <span class='ocrx_word' id='word_1_166' title='bbox 1122 2146 1303 2199; x_wconf 89' lang='lat' dir='ltr'><strong>Luscii</strong></span> <span class='ocrx_word' id='word_1_167' title='bbox 1341 2145 1633 2215; x_wconf 80' lang='lat' dir='ltr'><strong>Lanuuini,</strong></span> <span class='ocrx_word' id='word_1_168' title='bbox 1678 2148 1962 2214; x_wconf 85' lang='lat' dir='ltr'><strong>propterea</strong></span> 
     </span>
     <span class='ocr_line' id='line_1_23' title="bbox 274 2233 1961 2302; baseline 0 -16"><span class='ocrx_word' id='word_1_169' title='bbox 274 2234 418 2302; x_wconf 89' lang='lat' dir='ltr'><strong>quod</strong></span> <span class='ocrx_word' id='word_1_170' title='bbox 466 2252 549 2287; x_wconf 88' lang='lat' dir='ltr'><strong>res</strong></span> <span class='ocrx_word' id='word_1_171' title='bbox 600 2252 781 2287; x_wconf 88' lang='lat' dir='ltr'><strong>recens</strong></span> <span class='ocrx_word' id='word_1_172' title='bbox 833 2235 905 2287; x_wconf 85' lang='lat' dir='ltr'><strong>sit</strong></span> <span class='ocrx_word' id='word_1_173' title='bbox 958 2238 1011 2287; x_wconf 88' lang='lat' dir='ltr'><strong>et</strong></span> <span class='ocrx_word' id='word_1_174' title='bbox 1065 2253 1247 2288; x_wconf 89' lang='lat' dir='ltr'><strong>omnes</strong></span> <span class='ocrx_word' id='word_1_175' title='bbox 1300 2233 1653 2287; x_wconf 72' lang='lat' dir='ltr'><strong>meminerint.</strong></span> <span class='ocrx_word' id='word_1_176' title='bbox 1729 2233 1961 2286; x_wconf 84' lang='lat' dir='ltr'><strong>Phasma</strong></span> 
     </span>
     <span class='ocr_line' id='line_1_24' title="bbox 274 2322 1410 2376; baseline 0.001 -2"><span class='ocrx_word' id='word_1_177' title='bbox 274 2326 452 2376; x_wconf 88' lang='lat' dir='ltr'><strong>autem</strong></span> <span class='ocrx_word' id='word_1_178' title='bbox 489 2341 683 2376; x_wconf 89' lang='lat' dir='ltr'><strong>nomen</strong></span> <span class='ocrx_word' id='word_1_179' title='bbox 723 2326 803 2376; x_wconf 83' lang='lat' dir='ltr'><strong>est</strong></span> <span class='ocrx_word' id='word_1_180' title='bbox 839 2323 1052 2376; x_wconf 88' lang='lat' dir='ltr'><strong>fabulae</strong></span> <span class='ocrx_word' id='word_1_181' title='bbox 1092 2322 1410 2376; x_wconf 66' lang='lat' dir='ltr'><strong>Menandri?</strong></span> 
     </span>
    </p>
   </div>
   <div class='ocr_carea' id='block_1_10' title="bbox 269 2421 1952 2541">
    <p class='ocr_par' dir='ltr' id='par_1_10' title="bbox 269 2421 1952 2541">
     <span class='ocr_line' id='line_1_25' title="bbox 387 2421 1952 2481; baseline 0 -15"><span class='ocrx_word' id='word_1_182' title='bbox 387 2423 683 2467; x_wconf 85' lang='lat' dir='ltr'><strong>Menandri</strong></span> <span class='ocrx_word' id='word_1_183' title='bbox 705 2437 875 2468; x_wconf 83' lang='lat' dir='ltr'><strong>nomen</strong></span> <span class='ocrx_word' id='word_1_184' title='bbox 899 2424 1114 2468; x_wconf 83' lang='lat' dir='ltr'><strong>additum</strong></span> <span class='ocrx_word' id='word_1_185' title='bbox 1131 2426 1325 2481; x_wconf 81' lang='lat' dir='ltr'><strong>propter</strong></span> <span class='ocrx_word' id='word_1_186' title='bbox 1341 2422 1505 2480; x_wconf 78' lang='grc' dir='ltr'>Φάσμα</span> <span class='ocrx_word' id='word_1_187' title='bbox 1524 2422 1809 2467; x_wconf 79' lang='lat' dir='ltr'><strong>Philemonis</strong></span> <span class='ocrx_word' id='word_1_188' title='bbox 1834 2421 1952 2480; x_wconf 84' lang='grc' dir='ltr'>(Φά-</span> 
     </span>
     <span class='ocr_line' id='line_1_26' title="bbox 269 2479 1950 2541; baseline 0.002 -18"><span class='ocrx_word' id='word_1_189' title='bbox 269 2494 360 2537; x_wconf 79' lang='grc' dir='ltr'><strong>σμα</strong></span> <span class='ocrx_word' id='word_1_190' title='bbox 375 2479 404 2537; x_wconf 79' lang='grc' dir='ltr'>ἢ</span> <span class='ocrx_word' id='word_1_191' title='bbox 425 2481 707 2541; x_wconf 66' lang='grc' dir='ltr'><em>Φιλάργυρος</em></span> <span class='ocrx_word' id='word_1_192' title='bbox 722 2483 1012 2541; x_wconf 68' lang='lat' dir='ltr'><strong>Theognet&#39;i).</strong></span> <span class='ocrx_word' id='word_1_193' title='bbox 1045 2483 1165 2527; x_wconf 89' lang='lat' dir='ltr'><strong>Acta</strong></span> <span class='ocrx_word' id='word_1_194' title='bbox 1184 2482 1388 2540; x_wconf 84' lang='lat' dir='ltr'><strong>primum</strong></span> <span class='ocrx_word' id='word_1_195' title='bbox 1402 2482 1653 2526; x_wconf 85' lang='lat' dir='ltr'><strong>Eunuchus</strong></span> <span class='ocrx_word' id='word_1_196' title='bbox 1679 2496 1719 2526; x_wconf 89' lang='lat' dir='ltr'><strong>a.</strong></span> <span class='ocrx_word' id='word_1_197' title='bbox 1731 2481 1928 2541; x_wconf 49' lang='lat' dir='ltr'><strong>593s1‘61</strong></span> <span class='ocrx_word' id='word_1_198' title='bbox 1940 2518 1950 2526; x_wconf 90' lang='lat'><em>.</em></span> 
     </span>
    </p>
   </div>
   <div class='ocr_carea' id='block_1_11' title="bbox 889 2649 1332 2701">
    <p class='ocr_par' dir='ltr' id='par_1_11' title="bbox 889 2649 1332 2701">
     <span class='ocr_line' id='line_1_27' title="bbox 889 2649 1332 2701; baseline -0.002 -1"><span class='ocrx_word' id='word_1_199' title='bbox 889 2649 1332 2701; x_wconf 80' lang='lat' dir='ltr'><strong>THENSAVRVS</strong></span> 
     </span>
    </p>
   </div>
   <div class='ocr_carea' id='block_1_12' title="bbox 271 2745 1953 2982">
    <p class='ocr_par' dir='ltr' id='par_1_12' title="bbox 271 2745 1953 2982">
     <span class='ocr_line' id='line_1_28' title="bbox 387 2745 1951 2805; baseline 0 -17"><span class='ocrx_word' id='word_1_200' title='bbox 387 2745 629 2791; x_wconf 86' lang='lat' dir='ltr'><strong>Terentius</strong></span> <span class='ocrx_word' id='word_1_201' title='bbox 662 2761 763 2793; x_wconf 92' lang='lat' dir='ltr'><strong>eun.</strong></span> <span class='ocrx_word' id='word_1_202' title='bbox 788 2748 903 2805; x_wconf 89' lang='lat' dir='ltr'><strong>prol.</strong></span> <span class='ocrx_word' id='word_1_203' title='bbox 932 2753 988 2793; x_wconf 91' lang='grc'><strong>10</strong></span> <span class='ocrx_word' id='word_1_204' title='bbox 1022 2749 1182 2805; x_wconf 83' lang='lat' dir='ltr'><strong>‘atque</strong></span> <span class='ocrx_word' id='word_1_205' title='bbox 1212 2747 1263 2792; x_wconf 89' lang='lat' dir='ltr'><strong>in</strong></span> <span class='ocrx_word' id='word_1_206' title='bbox 1294 2747 1564 2791; x_wconf 87' lang='lat' dir='ltr'><strong>Thensauro</strong></span> <span class='ocrx_word' id='word_1_207' title='bbox 1597 2745 1784 2803; x_wconf 87' lang='lat' dir='ltr'><strong>scripsit</strong></span> <span class='ocrx_word' id='word_1_208' title='bbox 1816 2758 1951 2789; x_wconf 87' lang='lat' dir='ltr'><strong>cau-</strong></span> 
     </span>
     <span class='ocr_line' id='line_1_29' title="bbox 271 2803 1953 2865; baseline 0.001 -19"><span class='ocrx_word' id='word_1_209' title='bbox 271 2818 385 2847; x_wconf 87' lang='lat' dir='ltr'><strong>sam</strong></span> <span class='ocrx_word' id='word_1_210' title='bbox 431 2805 618 2849; x_wconf 88' lang='lat' dir='ltr'><strong>dicere</strong></span> <span class='ocrx_word' id='word_1_211' title='bbox 663 2807 846 2863; x_wconf 86' lang='lat' dir='ltr'><strong>Prius,</strong></span> <span class='ocrx_word' id='word_1_212' title='bbox 893 2808 1038 2852; x_wconf 90' lang='lat' dir='ltr'><strong>unde</strong></span> <span class='ocrx_word' id='word_1_213' title='bbox 1080 2806 1325 2865; x_wconf 81' lang='lat' dir='ltr'><strong>petitur,</strong></span> <span class='ocrx_word' id='word_1_214' title='bbox 1373 2821 1566 2850; x_wconf 87' lang='lat' dir='ltr'><strong>aurum</strong></span> <span class='ocrx_word' id='word_1_215' title='bbox 1613 2819 1722 2862; x_wconf 86' lang='lat' dir='ltr'><strong>qua</strong></span> <span class='ocrx_word' id='word_1_216' title='bbox 1767 2818 1825 2848; x_wconf 85' lang='lat' dir='ltr'><strong>re</strong></span> <span class='ocrx_word' id='word_1_217' title='bbox 1870 2803 1953 2848; x_wconf 89' lang='lat' dir='ltr'><strong>sit</strong></span> 
     </span>
     <span class='ocr_line' id='line_1_30' title="bbox 271 2863 1951 2923; baseline 0.001 -18"><span class='ocrx_word' id='word_1_218' title='bbox 271 2877 445 2919; x_wconf 87' lang='lat' dir='ltr'><strong>suum,</strong></span> <span class='ocrx_word' id='word_1_219' title='bbox 480 2863 654 2916; x_wconf 83' lang='lat' dir='ltr'><strong>Quam</strong></span> <span class='ocrx_word' id='word_1_220' title='bbox 691 2865 795 2910; x_wconf 89' lang='lat' dir='ltr'><strong>ille</strong></span> <span class='ocrx_word' id='word_1_221' title='bbox 834 2866 930 2921; x_wconf 87' lang='lat' dir='ltr'><strong>qui</strong></span> <span class='ocrx_word' id='word_1_222' title='bbox 968 2866 1139 2923; x_wconf 83' lang='lat' dir='ltr'><strong>petit,</strong></span> <span class='ocrx_word' id='word_1_223' title='bbox 1187 2865 1332 2910; x_wconf 91' lang='lat' dir='ltr'><strong>unde</strong></span> <span class='ocrx_word' id='word_1_224' title='bbox 1378 2865 1426 2908; x_wconf 92' lang='lat' dir='ltr'><strong>is</strong></span> <span class='ocrx_word' id='word_1_225' title='bbox 1475 2865 1553 2910; x_wconf 85' lang='lat' dir='ltr'><strong>sit</strong></span> <span class='ocrx_word' id='word_1_226' title='bbox 1597 2865 1951 2908; x_wconf 84' lang='lat' dir='ltr'><strong>thensaurus</strong></span> 
     </span>
     <span class='ocr_line' id='line_1_31' title="bbox 271 2921 1949 2982; baseline 0.002 -19"><span class='ocrx_word' id='word_1_227' title='bbox 271 2921 401 2976; x_wconf 78' lang='lat' dir='ltr'><strong>sibi,</strong></span> <span class='ocrx_word' id='word_1_228' title='bbox 436 2922 544 2967; x_wconf 87' lang='lat' dir='ltr'><strong>Aut</strong></span> <span class='ocrx_word' id='word_1_229' title='bbox 574 2924 719 2967; x_wconf 91' lang='lat' dir='ltr'><strong>unde</strong></span> <span class='ocrx_word' id='word_1_230' title='bbox 750 2924 807 2968; x_wconf 92' lang='lat' dir='ltr'><strong>in</strong></span> <span class='ocrx_word' id='word_1_231' title='bbox 836 2925 1087 2982; x_wconf 86' lang='lat' dir='ltr'><strong>patrium</strong></span> <span class='ocrx_word' id='word_1_232' title='bbox 1115 2926 1534 2970; x_wconf 85' lang='lat' dir='ltr'><strong>monumentum</strong></span> <span class='ocrx_word' id='word_1_233' title='bbox 1572 2921 1949 2980; x_wconf 52' lang='lat' dir='ltr'><strong>peruenerit)</strong></span> 
     </span>
    </p>
   </div>
  </div>
 </body>
</html>
