2060 3140
228 159 336 212 246
603 158 607 162 ’
874 159 924 203 L.
952 158 1254 202 AFRAMVS

345 290 487 335 uiden
524 293 577 334 tu
618 291 852 335 Meo-cerus
897 290 1062 334 uident
1099 293 1153 333 ut
1190 307 1225 334 ω
1258 305 1307 347 p.
1332 295 1419 334 466
1461 290 1625 333 uident
1663 308 1698 335 ω
1731 306 1780 347 p.
1805 295 1906 347 504,

224 352 319 395 ‘nisi
349 352 468 407 quod
497 350 639 393 uiden
669 364 748 394 ms.
776 350 924 394 Fabri
951 355 1140 406 utroque
1172 351 1285 394 loco:
1317 350 1375 404 cf.
1407 350 1460 393 in
1489 349 1623 394 Accii
1652 364 1691 394 v.
1719 355 1803 393 303
1829 350 1907 394 Βα

314 408 458 466 largis
496 407 701 452 lacrimis
735 409 938 453 Kochius
1082 410 1216 451 tuum
1245 409 1419 452 Junius
1455 410 1556 451 tum
1586 425 1621 451 ω
1653 423 1703 465 p.
1730 413 1816 453 504
1854 411 1907 452 tu

224 485 261 512 ω
287 482 335 525 p.
361 473 446 512 466

1026 546 1100 594 VI

222 631 278 685 N
281 632 349 683 611
387 633 701 699 amatorem,
742 630 870 682 olim
912 629 1242 682 defensorem
1279 630 1361 682 uti
1398 631 1611 699 peream
1648 632 1809 684 uolet.

323 731 521 811 ’Nonius
546 736 646 788 358,
668 737 694 775 6
723 731 876 775 ‘olim
898 730 1121 787 temporis
1145 730 1292 774 futuri
1318 768 1326 776 .
1348 767 1356 775 .
1377 767 1385 775 .
1413 731 1643 775 Afranius
1658 732 1907 789 Suspecta:

223 805 317 835 non
363 805 400 835 e.
427 806 469 847 q.
494 806 531 834 s.
1323 805 1326 808 ’

339 893 462 922 nunc
494 879 747 935 Mercerus,
784 881 890 935 fort.
922 885 1036 924 recte
1156 881 1418 923 amatorum
1447 879 1632 924 BGH1
1666 881 1905 935 materem,

222 953 335 983 corr.
362 940 628 994 amaterem,
660 938 704 982 L
821 938 1109 982 defensorem
1139 940 1205 983 ed.
1231 954 1273 983 a.
1302 943 1415 982 1498
1448 938 1690 983 defensore
1715 938 1917 983 H’LW

224 997 440 1041 defensor
470 997 654 1042 BG-H1
762 997 834 1041 uti
864 999 1026 1054 scripsi
1055 999 1110 1041 ut
1140 1015 1175 1041 ω
1294 1011 1483 1054 peream
1513 997 1590 1043 L?
1619 1011 1703 1055 per
1734 1011 1841 1041 eum
1871 1015 1906 1054 φ

221 1057 416 1113 perdam
445 1058 513 1100 vel
540 1057 737 1113 prodam
766 1058 1041 1102 coniecerant
1069 1070 1272 1113 peream,
1303 1070 1376 1100 me
1407 1072 1442 1101 ω
1529 1059 1652 1101 nunc
1682 1059 1906 1113 amatore,

223 1130 264 1160 o.
298 1115 540 1159 defensore
570 1115 642 1159 uti
672 1117 745 1173 (=
778 1118 1001 1173 χρῆσθαι)
1031 1130 1115 1172 per
1146 1129 1252 1159 eum
1282 1130 1325 1160 u.
1358 1117 1461 1160 Bue

1012 1240 1112 1287 VII

220 1323 297 1376 Vt
334 1343 419 1377 me
458 1326 569 1377 esse
598 1325 664 1377 'in
703 1324 804 1377 hac
842 1343 899 1377 re
939 1324 1098 1376 ducat
1135 1324 1230 1376 abs
1268 1327 1322 1376 te
1361 1323 1667 1377 extrarium.

338 1425 518 1470 Nonius
545 1430 645 1482 103,
673 1430 727 1469 10
762 1425 1116 1482 ‘extrarium,
1149 1423 1285 1480 quasi
1317 1423 1555 1468 alienum.'

954 1585 958 1590 ,
999 1550 1125 1598 VIII

132 1648 217 1688 325
236 1633 385 1688 Adeo
425 1638 487 1688 ut
524 1638 577 1687 te
618 1635 780 1688 satias
819 1636 1031 1704 caperet
1068 1635 1172 1687 toti
1210 1635 1458 1687 familiae.

337 1737 603 1781 Priscianus
634 1752 680 1793 p.
707 1741 794 1780 694
823 1737 872 1781 Ρ.
909 1735 1025 1793 ‘ipsi
1062 1750 1146 1793 pro
1186 1735 1335 1793 ipsius
1366 1735 1588 1779 Afranius
1627 1735 1679 1779 in
1708 1735 1907 1779 Homine

221 1833 231 1843 .
252 1832 290 1842 ..
323 1796 460 1840 toti’
496 1798 674 1853 (totae
697 1795 908 1852 Vossius)
937 1797 1036 1852 ‘pro
1068 1794 1214 1839 totius
1246 1794 1374 1838 idem
1402 1794 1453 1838 in
1485 1794 1732 1851 Suspecta:
1766 1795 1901 1839 adeo’

220 1870 258 1902 e.
285 1871 327 1911 q.
354 1871 388 1900 S.
449 1856 579 1899 Idem
611 1871 656 1912 p.
679 1860 761 1899 717
793 1856 842 1900 Ρ.
878 1856 1182 1911 ‘quamquam
1218 1853 1521 1898 inueniantur
1560 1854 1686 1911 apud
1724 1856 1906 1898 ueteres

220 1918 268 1959 et
308 1914 551 1959 nominum
595 1915 734 1959 modo
775 1914 1030 1958 declinata’
1072 1916 1207 1970 (unus
1247 1913 1370 1956 ullus
1413 1913 1570 1956 nullus
1611 1913 1736 1957 solus
1776 1915 1905 1957 totus

221 1974 359 2031 alius)
400 1974 475 2017 ‘id
518 1976 590 2018 est
636 1974 909 2033 genetiuum
954 1973 1004 2016 in
1043 1972 1080 2029 i,
1130 1975 1178 2016 et
1215 1972 1431 2016 datiuum
1471 1971 1522 2015 in
1559 1986 1586 2016 o
1627 1972 1907 2017 desinentia.

219 2034 319 2077 Nec
351 2033 503 2078 solum
533 2034 664 2090 haec,
697 2033 779 2077 sed
812 2032 970 2077 omnia
993 2046 1114 2088 quae
1147 2031 1290 2075 simili
1322 2030 1636 2076 declinatione
1668 2032 1908 2087 proferun-

220 2095 320 2149 tur,
366 2092 490 2137 sicut
533 2092 630 2136 iam
675 2092 726 2136 in
772 2091 1086 2149 superioribus
1134 2090 1421 2135 ostendimus
1466 2127 1475 2135 .
1503 2127 1512 2135 .
1540 2126 1550 2136 .
1591 2089 1812 2134 Afranius
1857 2090 1908 2134 in

225 2152 468 2209 Suspecta:
505 2152 622 2196 adeo
657 2188 667 2196 .
695 2188 704 2196 .
732 2187 740 2196 .
773 2150 998 2207 familiae,
1029 2165 1113 2208 pro
1143 2149 1323 2194 totius.’

338 2240 491 2288 toti}
513 2241 658 2285 Barb.
676 2244 821 2296 p.717
846 2241 946 2284 tote
966 2239 1158 2285 Carolir.
1176 2240 1293 2284 alter
1314 2240 1445 2282 totae
1469 2239 1676 2283 Darmst.
1696 2253 1721 2283 c
1737 2253 1786 2295 p.
1806 2243 1907 2294 694,

225 2299 416 2346 Carolir.
443 2315 493 2358 p.
522 2304 605 2343 717
636 2314 739 2344 cum
769 2301 879 2344 aliis
908 2300 1067 2344 deterr.

1031 2423 1103 2470 IX

223 2509 393 2562 Tuam
431 2509 764 2561 maiestatem
803 2512 857 2561 et
901 2507 1133 2561 nominis
1179 2507 1452 2559 matr6nae
1495 2506 1907 2558 sanctitudinem

341 2609 520 2654 Nonius
559 2614 665 2666 174,
698 2613 725 2653 8
768 2607 1128 2653 ‘sanctitudo
1167 2621 1251 2664 pro
1293 2606 1520 2651 sanctitas
1562 2643 1572 2652 .
1600 2643 1608 2651 .
1637 2644 1646 2652 .
1680 2607 1907 2651 Afranius

225 2667 471 2725 Suspecta:
503 2670 653 2713 tuam'
681 2682 718 2714 e.
745 2683 789 2724 q.
816 2683 850 2713 S.

1043 2779 1089 2826 X

229 2905 239 2914 .
279 2863 335 2915 in
373 2863 633 2916 Hortinos
679 2863 787 2916 iam
827 2865 1086 2932 quantum
1131 2865 1258 2932 pote
1301 2862 1582 2931 explodam
1620 2860 1909 2929 hominem,

1198 2954 1261 3003 ut
1298 2950 1560 3003 ussicetur.
