2060 3140
639 107 689 152 T.
724 106 1044 161 QVINGTIVS
1076 106 1238 151 ATTA
1671 106 1775 159 189

667 246 894 305 AQVAE
937 245 1200 296 CALDAE

922 350 948 398 I

100 432 273 496 Quam
310 434 607 487 meretricie
647 435 730 487 em
768 434 1023 504 lupantur
1060 435 1244 488 nostro
1284 437 1476 488 ornatu
1513 436 1609 503 per
1638 434 1774 487 uias!

214 533 394 578 Nonius
429 539 525 590 133,
561 538 615 578 12
650 533 885 591 ‘lupari,
917 536 971 578 ut
1001 534 1196 579 scortari
1227 534 1304 579 uel
1334 534 1588 592 prostitui.’

217 636 359 678 quam
390 623 561 668 conieci
592 636 697 666 cum
728 639 763 665 ω
867 621 1127 666 meretricie
1159 636 1232 667 em
1261 623 1426 679 scripsi
1454 621 1726 667 meretricae
1751 636 1776 667 e

103 681 284 726 ΕΗΖ*
313 681 555 726 meretrice
587 694 612 725 e
645 681 761 726 PW
782 680 1055 725 meretricae
1086 681 1153 725 L¹
1183 681 1374 725 metrice
1404 682 1483 726 Ba
1511 681 1775 726 meretrices

8 739 12 767 '-
97 741 332 786 Mercerus
371 740 694 785 meretriculae
738 740 910 785 Onio‘ns
951 740 1215 784 meretrices
1257 740 1348 784 hae
1387 741 1590 786 Kochius
1630 754 1775 785 mere-

97 799 232 844 tricie
263 801 367 845 Bue
454 801 615 844 nostro
646 802 756 857 (11110
786 800 942 844 Vrbin.
975 801 1078 856 307)
1110 801 1277 844 ornatu
1307 812 1392 856 per
1420 798 1523 843 uias
1554 800 1777 857 lup-antur

97 876 132 902 ω
179 858 402 916 lupantur
435 874 479 903 n.
514 872 554 903 0.
586 871 669 915 per
699 872 743 902 u.
775 858 879 902 Bue
925 859 1019 915 (sed
1062 859 1182 903 idem
1226 859 1331 902 cum
1375 858 1470 915 lup.
1502 873 1546 902 n.
1582 873 1621 903 o.
1653 874 1697 916 p.
1730 874 1774 904 u.

96 917 356 962 meretricie
380 918 603 975 praefert)
734 918 920 961 enostro
951 919 1026 975 (sc.
1053 920 1302 974 purpureo)
1334 919 1503 962 ornatu
1533 917 1778 963 Stowasser

0 1005 19 1039 ¹-
95 978 148 1021 in
186 977 436 1032 Woelfflini
465 977 585 1022 arch.
620 976 639 1019 I
670 980 754 1020 592

907 1071 959 1119 Π

95 1154 299 1226 'Aquae
353 1156 430 1208 ita
479 1155 828 1226 muginantur
880 1155 1051 1209 hodie.
1094 1187 1162 1194 —-
1200 1154 1387 1225 'Atqui
1434 1174 1532 1227 ego
1572 1155 1776 1209 fontem

1157 1245 1441 1299 occluserO.
1791 1252 1863 1302 4l5

215 1344 395 1389 Nonius
422 1349 520 1402 139,
547 1349 573 1389 5
607 1344 938 1402 ‘muginari,
970 1359 1256 1390 murmurare
1291 1382 1299 1390 .
1327 1380 1335 1390 .
1363 1381 1372 1391 .
1399 1345 1514 1390 Atta
1544 1344 1648 1401 quis
1681 1344 1773 1389 cal-

98 1403 191 1449 dis:
225 1404 383 1460 atque’
418 1417 457 1448 e.
490 1418 534 1460 q.
568 1419 602 1450 S.

217 1506 367 1548 aquae
398 1492 469 1536 ita
505 1493 820 1559 Quichcratius
850 1498 892 1538 et
921 1493 1025 1538 Bue
1057 1494 1197 1549 atque
1224 1493 1304 1537 *eia
1335 1495 1431 1551 (eta
1454 1494 1535 1551 W)
1566 1510 1600 1537 ω
1634 1495 1774 1549 atque

96 1551 167 1596 ita
197 1553 371 1597 anius
401 1553 542 1607 atque
575 1551 718 1596 etiam
747 1553 945 1598 Bothius
1063 1553 1288 1598 Personas
1317 1567 1420 1598 cum
1449 1553 1552 1598 Bue
1583 1553 1777 1598 distinxi

187 1610 320 1667 atqui
350 1613 515 1668 scripsi
546 1613 687 1667 atque
719 1628 753 1655 ω
865 1610 1045 1656 fontem
1075 1611 1308 1656 occlusero
1340 1613 1537 1657 Bothius
1567 1611 1775 1655 oculsero

97 1670 352 1727 (occulsero
385 1671 443 1714 H
468 1670 646 1714 culsero
686 1670 782 1727 W1)
813 1670 1018 1715 fonteme
1050 1670 1246 1728 (fontem
1277 1670 1439 1728 H2W)
1471 1688 1506 1715 ω
1539 1670 1774 1716 occlusero

97 1729 276 1774 fontem
305 1730 403 1775 edd.
436 1735 541 1775 arcte
573 1730 830 1776 Mercerum

703 1867 1173 1917 CONOILIATRIX

151 2011 161 2021 .
203 2011 213 2021 .
253 1986 437 2029 ursum
476 1970 532 2021 se
570 1968 913 2035 memordisse
953 1971 1207 2021 autumat.

217 2068 394 2113 Gellius
426 2069 490 2113 VI
521 2069 640 2127 (VII)
673 2074 713 2126 9,
746 2074 772 2113 8
808 2069 908 2113 ‘sed
940 2068 991 2122 Q.
1024 2067 1200 2112 Ennius
1240 2068 1291 2112 in
1330 2068 1500 2114 saturis
1542 2082 1773 2113 memor-

100 2127 252 2172 derit
284 2127 404 2172 dixit
433 2141 516 2185 per
547 2141 572 2172 e
602 2127 831 2186 litteram,
862 2142 957 2173 non
986 2127 1403 2172 momorderit..
1437 2127 1551 2171 item
1581 2127 1696 2172 Atta
1726 2127 1776 2172 in

100 2186 451 2233 Conciliatrice:
483 2188 659 2231 ursum’
694 2201 731 2233 e.
748 2202 809 2254 q.
843 2202 876 2231 s,
938 2186 1118 2231 Nonius
1153 2191 1251 2244 140,
1284 2192 1338 2230 22
1374 2186 1666 2231 ‘memordi
1696 2200 1774 2244 pe-

97 2245 229 2302 posci
266 2246 440 2303 pepugi
480 2246 707 2304 spepondi
744 2246 794 2290 in
832 2246 1069 2291 ueteribus
1115 2245 1239 2290 lecta
1286 2248 1406 2290 sunt.
1467 2245 1672 2290 Accius
1719 2245 1777 2291 in

7 2310 9 2312 ’
98 2304 534 2351 honiliaatrice:
589 2307 764 2350 ursum’
814 2319 851 2350 e.
885 2320 928 2362 q.
962 2321 995 2350 s.
1058 2305 1214 2362 (Atta
1258 2304 1314 2350 in
1361 2304 1776 2350 Conciliatrice

98 2364 212 2408 Lud.
247 2363 403 2409 Gamo
436 2365 612 2410 emend.
645 2365 666 2409 I
699 2367 771 2422 14)

718 2503 1145 2554 GRATVLATIO

99 2602 324 2658 Nihssne
362 2605 416 2655 te
454 2602 647 2673 populi
679 2606 909 2678 ueretur,
947 2602 1045 2686 qui
1079 2603 1370 2656 uociferere
1407 2602 1467 2656 111
1503 2603 1628 2656 uia?

218 2703 398 2747 Nonius
429 2708 529 2760 496,
562 2707 618 2748 32
653 2704 776 2748 (011111
807 2704 892 2750 sit:
932 2705 1163 2748 ueretur
1200 2703 1333 2748 illam
1363 2717 1460 2748 rem
1492 2740 1500 2749 .
1530 2741 1537 2749 .
1566 2740 1574 2748 .
1607 2703 1773 2749 ueteri-

99 2762 187 2805 bus
218 2762 462 2819 genetiuos
492 2776 576 2819 pro
608 2763 878 2808 accusatiuo
908 2762 1021 2820 poni
1050 2763 1248 2821 placet.
1351 2763 1527 2808 .Acta
1558 2762 1775 2808 Gratula-

100 2820 250 2867 tione:
282 2821 478 2865 nihilne’
514 2835 550 2866 e.
584 2837 626 2878 q.
661 2837 695 2866 s.

218 2909 298 2955 An
326 2908 484 2955 nilne?
