2060 3140
192 2133 247 2172 20

284 107 390 160 192
815 106 866 152 Τ.
899 105 1220 160 QVINCTIVS
1250 105 1414 150 ATTA

282 239 416 284 testis
442 242 514 284 est
537 238 745 284 Cloatius
772 276 780 284 .
808 275 818 284 .
845 275 854 284 .
881 252 986 282 cum
1009 238 1076 282 sic
1100 238 1189 284 ait:
1221 253 1317 282 nux
1341 238 1520 284 Graeca
1543 238 1805 296 amygdale.
1845 238 1961 283 Atta

282 312 392 343 uero
438 298 489 342 in
536 297 910 355 supplicatione:
956 310 1123 341 nucem
1169 297 1416 354 Graecam,
1463 297 1638 353 inquit,
1685 297 1956 354 fauumque’

282 371 321 402 e.
354 372 396 414 q.
431 372 465 403 s,
526 356 735 401 Medicus
767 356 899 412 loqui
927 355 1134 402 videtur:
1167 356 1223 401 cf.
1257 355 1417 400 Celsus
1447 357 1568 402 med.
1599 357 1665 400 H]
1694 362 1765 413 17,
1797 361 1840 402 4.

399 459 566 490 nucem
596 444 821 489 Graecam
858 444 1112 499 fanumque
1151 444 1273 488 adde
1305 447 1534 500 quantum
1570 444 1690 488 libet
1727 462 1775 490 ω.
1838 445 1962 491 Puto

281 507 432 562 ipsam
454 505 745 549 Macrobiwm
765 504 998 548 verborum
1021 504 1225 548 ordinem
1247 505 1526 549 immutasse:
1556 503 1781 548 Thasiam
1810 509 1962 550 autem

281 577 448 666 Eiiclevr'n
478 564 634 621 aliquo
664 563 793 607 modo
824 563 1112 617 inferendam
1141 576 1230 608 esse
1255 576 1344 619 pro
1373 568 1491 608 certo
1520 564 1681 609 habeo:
1719 564 1777 619 cf.
1810 563 1960 609 coroll.

782 729 937 780 Tmo
988 730 1459 781 PROFIOISGENS

279 830 439 884 Pater
476 830 730 883 ui‘h’catur
767 833 893 883 tuus
931 848 999 882 an
1036 833 1208 883 mater
1245 830 1410 883 ui'h'ea
1447 830 1563 884 est‘?

398 931 662 976 Priscianus
703 946 747 988 p.
782 935 867 975 828
899 930 948 976 P.
992 932 1040 975 ‘a
1077 930 1218 975 11111οο
1263 931 1408 976 etiam
1448 931 1590 975 uilico
1633 931 1710 975 uel
1753 930 1962 975 uilicor

282 991 504 1036 dicebant
527 989 710 1046 antiqui
737 1026 746 1036 .
772 1025 782 1035 .
809 1027 819 1036 .
844 990 960 1035 Atta
981 989 1033 1034 in
1056 990 1226 1035 Tirone
1248 990 1595 1048 proficiscente:
1626 991 1778 1047 pater’
1806 1003 1844 1035 e.
1862 1005 1905 1047 q.
1924 1005 1959 1035 s,

399 1080 640 1126 Senarium
669 1092 758 1124 esse
781 1092 912 1136 posse
941 1080 1118 1124 monuit
1148 1079 1401 1125 Muellerus
1425 1080 1606 1136 prosod.
1633 1079 1787 1125 Plaat.
1816 1083 1900 1123 130

280 1141 416 1196 pater
434 1138 686 1183 Vsslicatur
716 1140 849 1183 ceteri
939 1151 999 1181 an
1029 1139 1194 1195 scripsi
1221 1137 1318 1182 iam
1349 1155 1384 1182 ω
1475 1137 1670 1192 uilicata
1701 1140 1769 1195 (ta
1793 1139 1876 1184 del.
1901 1153 1962 1185 m.

280 1200 376 1256 alt.)
408 1199 555 1257 Boriq.
587 1196 754 1242 uilicat
783 1198 825 1242 si
856 1197 1044 1255 leyatur,
1075 1198 1201 1243 haud
1229 1198 1468 1255 displiceat

736 1351 825 1399 EX
864 1349 1171 1399 INOERTIS
1210 1350 1494 1399 FABVLIS

1105 1454 1132 1503 I

278 1538 497 1593 Annum
542 1558 743 1593 nouum
788 1539 1078 1592 uoluerunt
1121 1557 1233 1592 esse
1271 1537 1507 1608 primum
1546 1556 1784 1592 mensem
1822 1537 1963 1591 Mar-

1519 1627 1672 1679 tium.

396 1729 430 1774 I.
462 1728 517 1772 Π.
566 1727 751 1773 Servius
796 1728 1026 1773 Lemovic.
1058 1728 1109 1772 in
1147 1742 1304 1786 georg.
1336 1728 1358 1771 I
1388 1732 1444 1772 43
1492 1728 1558 1772 ‘et
1604 1727 1843 1771 sciendum
1889 1729 1961 1772 est

280 1789 440 1832 decem
476 1789 662 1832 tantum
699 1800 879 1832 menses
918 1787 1061 1831 fuisse
1102 1788 1228 1844 apud
1266 1786 1479 1832 maiores.
1541 1786 1763 1832 Martium
1803 1788 1959 1831 autem

281 1847 390 1891 anni
420 1846 702 1904 principium
732 1847 905 1891 habere
936 1846 1187 1891 uoluerunt
1220 1883 1228 1891 .
1258 1884 1266 1891 .
1294 1881 1304 1892 .
1337 1847 1453 1891 Atta
1483 1846 1543 1905 [Ι]
1577 1847 1625 1890 et
1655 1845 1772 1890 alibi
1804 1845 1904 1904 [Π]’

1089 1971 1142 2019 Π

1164 2041 1393 2094 maiores
1430 2039 1687 2093 Martium

278 2114 520 2169 Primum
558 2114 875 2168 habuerunt.

1080 2222 1158 2271 III

281 2350 292 2360 .
330 2325 428 2377 pro
467 2307 666 2377 populo
705 2307 900 2359 fluctus
939 2324 1121 2360 caecos
1159 2306 1364 2359 faciunt
1401 2323 1496 2374 per
1537 2305 1869 2359 discordiam.

398 2406 646 2452 Suetonius
679 2407 805 2464 apud
835 2406 1065 2451 Isidorum
1095 2407 1153 2451 de
1183 2406 1364 2450 naturis
1388 2419 1542 2450 rerum
1564 2412 1622 2451 44
1645 2422 1691 2463 p.
1719 2411 1773 2450 74
1805 2406 1876 2450 ed.
1902 2404 1956 2450 G.

279 2466 457 2510 Becker
480 2466 547 2524 (in
571 2466 793 2511 Suetonio
818 2465 1262 2510 Reifferscheidiano
1286 2481 1330 2522 p.
1357 2468 1459 2522 244)
1487 2466 1714 2509 ‘caecus
1738 2465 1955 2509 fluctus

279 2525 480 2570 tumens’
522 2525 609 2583 (ita
653 2526 709 2570 H.
740 2524 1093 2583 Langensiepen
1135 2525 1328 2569 ‘tamen’
1371 2525 1489 2581 cod.)
1538 2525 1751 2569 ‘necdum
1797 2526 1958 2568 tamen

281 2598 445 2641 canus,
485 2584 542 2628 de
582 2599 673 2640 quo
704 2585 822 2629 Atta
851 2584 901 2628 in
937 2586 1103 2642 togata
1143 2584 1210 2628 sic
1249 2583 1337 2628 ait:
1376 2583 1568 2640 populo’
1604 2597 1641 2628 e.
1667 2598 1709 2639 q.
1736 2598 1769 2627 e.
1803 2582 1958 2639 (Atta

282 2642 540 2688 Gronovius
566 2643 714 2688 atita
737 2644 900 2688 Bamb.
917 2644 972 2700 A,
993 2644 1127 2688 Bern.
1145 2644 1194 2687 M
1218 2644 1350 2687 aota
1373 2642 1506 2687 Bodl.
1532 2644 1658 2687 cato
1683 2641 1843 2686 Basill.
1863 2641 1958 2699 CD)

397 2732 603 2777 Primam
633 2733 857 2791 syllabam
885 2732 903 2775 i
933 2733 1002 2779 vel
1031 2731 1082 2775 hi
1112 2733 1180 2777 vel
1211 2730 1291 2787 qui
1321 2732 1390 2776 vel
1421 2730 1460 2774 si
1489 2732 1664 2788 emplere
1688 2731 1843 2787 potuit

279 2803 361 2845 pro
391 2791 571 2858 ‚populo
613 2791 754 2858 (polo.
777 2792 925 2858 Basil.
958 2792 1027 2848 D)
1060 2808 1116 2837 m:
1162 2804 1245 2848 pro
1283 2791 1387 2859 fort.
1421 2791 1658 2836 delendum
1699 2795 1782 2834 aut
1818 2802 1954 2846 porro

281 2852 592 2952 wefflm
653 2850 894 2954 ὤεὲῗᾱίἓ
922 2850 1097 2955 Ξᾝὲῗ
1118 2850 1475 2954 ἒαὲἕῗῗιῗἪ”
1623 2849 1787 2892 ΗΠπΟΞ
1819 2849 1955 2894 B‘ffl‘
