2060 3140
681 136 989 182 CAEOELIVS
1022 137 1270 183 STATIVS
1745 140 1815 192 85

91 288 113 320 5
141 271 249 324 Cur
286 271 599 325 contulisti?
637 275 733 325 8111·
770 271 1055 326 inlecebris
1090 273 1323 344 cognitis
1818 289 1904 328 235

133 359 260 414 Non
300 403 310 413 .
351 404 362 413 .
403 402 414 413 .
453 360 701 431 refugisti
742 403 961 414 .....

134 492 146 502 .
187 491 198 501 .
240 492 250 502 .
291 491 302 502 .
343 467 437 501 8111·
475 449 703 502 alienam
741 449 906 502 ullam
944 450 1223 504 mulierem

134 536 336 589 Nosts‘?
376 578 855 592 ..........

136 667 455 678 .......
498 626 617 679 dide
657 645 716 679 ac
757 627 941 696 (118188,

68 730 112 762 10
133 713 238 766 Per
274 715 365 766 me'!
398 714 584 767 licebit
623 757 944 768 .......
1820 731 1906 770 240

134 845 145 855 .
186 845 197 854 .
238 802 284 855 si
323 802 526 874 egebiS,
565 802 669 855 tsbi
709 802 933 872 dolebit,
972 801 1108 855 mihi
1149 806 1231 855 sat
1270 807 1372 873 est,

137 890 240 954 Qm·
280 891 469 945 aetatis
507 891 653 960 quod
688 891 954 960 reliqiiom
993 894 1075 943 est
1111 891 1376 945 oblectem
1412 910 1573 946 meae.

254 990 413 1037 Cicero
451 1006 539 1048 pro*
569 990 727 1036 Caelio
760 997 830 1048 16,
863 996 920 1035 37
951 991 1034 1035 ubi
1073 991 1140 1035 eis
1179 1005 1299 1047 quae
1331 993 1392 1037 ad
1422 993 1445 1036 I
1475 992 1818 1050 descripsimus,

134 1051 300 1095 statim
322 1051 439 1095 haec
465 1050 830 1118 subiunguntur:
866 1052 969 1096 ‘aut
990 1050 1147 1096 illum:
1181 1065 1206 1095 o
1238 1050 1468 1109 infelix,
1494 1066 1521 1096 o
1550 1052 1816 1098 sceleste!

134 1109 291 1154 Ferrei
323 1112 432 1154 sunt
461 1109 542 1154 isti
571 1112 750 1167 patres.
784 1111 844 1170 [2.
864 1111 911 1169 3]
934 1109 1016 1153 uix
1038 1109 1250 1155 ferendi?
1286 1110 1391 1168 (del.
1409 1111 1626 1156 Franken
1649 1112 1816 1155 Mnem.

134 1169 243 1214 vm
260 1173 344 1213 219
370 1171 418 1213 et
441 1169 489 1214 F
509 1169 767 1214 Schoellius
783 1184 900 1214 mus.
918 1169 1064 1214 Rhen.
1082 1168 1254 1214 XXXV
1270 1175 1356 1214 559
1376 1169 1603 1215 ‘ferenda’
1632 1170 1819 1227 Salisb.)

139 1227 336 1273 ‘diceret
373 1228 485 1274 talis
523 1231 677 1286 pater:
722 1243 818 1273 cur
854 1231 910 1273 te
948 1228 1006 1273 in
1044 1228 1216 1275 istam
1246 1229 1615 1275 uicinitatem
1644 1243 1819 1275 mere-

134 1287 368 1333 triciam
413 1287 753 1333 contulisti?
801 1303 897 1332 cur
941 1287 1255 1332 inlecebris
1296 1288 1549 1346 cognitis
1587 1303 1697 1334 non
1734 1302 1821 1332 re-

135 1346 378 1404 fugisti?
424 1361 520 1391 cur
551 1346 801 1392 alienam
831 1347 1010 1392 ullam
1039 1346 1334 1393 mulierem
1363 1348 1548 1393 nosti?
1594 1347 1726 1392 dide
1759 1361 1820 1392 ac

137 1405 375 1462 dissice,
406 1419 504 1463 per
532 1420 615 1452 me
646 1406 876 1452 licebit:
916 1405 965 1450 si
996 1405 1193 1463 egebis
1220 1444 1227 1451 .
1250 1444 1258 1451 .
1279 1444 1288 1452 .
1313 1420 1480 1452 meae.
1541 1407 1663 1451 Huic
1693 1406 1820 1451 tristi

138 1479 192 1509 ac
226 1465 413 1510 derecto
445 1464 546 1509 seni
575 1466 879 1523 responderet
910 1465 1112 1512 Caelius’
1147 1479 1185 1511 e.
1218 1480 1262 1522 q
1296 1481 1331 1511 s.

256 1551 283 1589 2
316 1545 552 1602 quidicam
590 1547 701 1592 Par.
732 1562 789 1592 m.
816 1562 890 1604 pr.
1011 1560 1158 1604 egone
1190 1550 1289 1604 (om.
1322 1547 1436 1603 quid
1474 1547 1635 1605 uelim)
1666 1547 1818 1593 Brua-

138 1619 286 1662 egone
330 1604 444 1661 quid
489 1604 633 1649 uelim
664 1606 773 1651 Par.
807 1604 968 1652 Salisb.
1002 1620 1103 1651 cum
1141 1608 1297 1652 ceteris
1342 1605 1457 1662 quid
1495 1606 1639 1651 uelim
1679 1606 1820 1664 Spen-

135 1666 281 1722 9elius
452 1678 573 1720 quae
603 1666 889 1721 referendum
919 1667 981 1711 ad
1013 1665 1182 1722 omnia,
1216 1667 1269 1710 de
1300 1668 1464 1723 quibus
1493 1668 1547 1710 in
1575 1668 1820 1732 superiori-

139 1726 221 1768 bus
250 1738 391 1769 sermo
420 1725 588 1779 fuerat.
622 1723 703 1779 qui
734 1724 1001 1783 Spenyelius
1148 1701 1182 1768 4
1210 1738 1291 1769 cur
1321 1727 1369 1768 te
1400 1724 1450 1768 in
1480 1724 1623 1769 istam
1654 1724 1820 1769 uicini-

138 1785 288 1826 tatem
334 1782 597 1849 (ciuitatem
633 1784 802 1840 Bruoe.)
840 1783 1151 1829 meretriciam
1191 1783 1464 1829 contulisti?
1543 1784 1694 1830 Cicero
1740 1798 1822 1828 cur

138 1841 189 1885 in
231 1841 527 1886 uicinitatem
569 1841 711 1886 istam
753 1842 1065 1887 meretriciam
1105 1842 1171 1886 Te
1214 1857 1251 1886 8.
1292 1842 1558 1901 Spenyelius
1699 1848 1724 1887 6
1756 1857 1817 1900 sq.

135 1915 232 1945 non
263 1899 500 1958 effugisti?
533 1914 613 1944 cur
645 1900 848 1946 alienam
877 1901 1120 1946 mulierem
1152 1901 1405 1959 Cognosti?
1437 1902 1703 1969 Spmyeliase

139 1965 164 2004 9
199 1959 362 2004 (1181188
399 1960 702 2015 &elliu-3:01⁰.
736 1962 885 2006 coroll.
916 1961 1023 2004 XIH
1053 1975 1142 2027 sqq,
1178 1960 1347 2004 dissice
1378 1961 1484 2006 Put.
1518 1960 1713 2018 discezp

140 2023 191 2062 11
212 2021 450 2076 praemitti
474 2018 586 2064 olim
608 2021 676 2064 vel
697 2020 895 2076 posthac
919 2021 1021 2066 licet
1104 2018 1144 2063 si
1169 2019 1328 2078 egebis
1352 2033 1434 2064 om.
1460 2034 1563 2065 <mm
1586 2020 1706 2078 Spem
1736 2021 1820 2065 elio

138 2078 397 2134 Schoellius,
427 2084 480 2124 ut
509 2093 631 2123 wnus
660 2081 868 2124 senarius
896 2093 980 2136 per
1009 2092 1084 2122 me
1117 2115 1126 2123 .
1152 2115 1162 2124 .
1191 2116 1198 2124 .
1235 2081 1307 2123 est
1335 2085 1494 2125 cwrrat
1595 2078 1700 2123 dole
1734 2081 1822 2123 unt

136 2138 287 2183 Bruoe.
394 2140 468 2181 sat
499 2140 571 2181 est
601 2152 684 2183 om.
717 2139 866 2183 Brux.
900 2139 1005 2194 Erf.
1100 2142 1154 2181 12
1185 2137 1415 2194 reliquom
1446 2139 1555 2184 Par.
1588 2137 1821 2194 reliquum

136 2197 282 2254 vulyo.
343 2197 424 2241 An
454 2197 579 2253 quod
609 2196 674 2240 mi
707 2200 779 2241 est
808 2196 1067 2253 reliquom?

940 2292 1016 2340 ΠΙ

136 2374 215 2428 Vt
253 2394 338 2429 me
375 2375 548 2438 hodie,
573 2381 697 2430 ante
736 2395 920 2430 omnes
959 2376 1190 2431 comicos
1229 2375 1424 2429 stultos
1463 2395 1613 2429 senes

136 2463 382 2516 Versaris
422 2468 580 2534 atque
619 2466 893 2518 inhisseris
931 2465 1240 2517 lautissime.

258 2564 417 2609 Cicero
459 2565 583 2610 Lael.
619 2571 696 2624 26,
731 2571 786 2611 99
830 2566 971 2622 ‘quid
1017 2568 1175 2610 autem
1221 2565 1402 2623 turpius
1449 2579 1590 2621 quam
1635 2565 1819 2612 inludi?

138 2624 264 2680 quod
287 2627 343 2668 ut
362 2638 423 2669 ne
447 2624 645 2683 accidat,
668 2626 820 2683 magis
845 2625 1105 2670 cauendum
1128 2627 1211 2671 est.
1244 2627 1307 2669 ut
1330 2638 1412 2668 me
1439 2624 1634 2669 hodie’
1663 2638 1699 2670 e.
1718 2640 1761 2681 q.
1782 2640 1817 2670 s.

137 2683 268 2727 Idem
314 2683 411 2728 Cat.
443 2684 552 2728 mai.
588 2690 663 2741 12,
704 2690 760 2729 36
811 2686 946 2729 ‘nam
991 2698 1106 2740 quos
1154 2683 1227 2728 ait<
1268 2683 1498 2728 Caecilius
1546 2684 1815 2729 comicos’

139 2742 404 2798 (comicus
435 2742 562 2800 libri)
597 2744 835 2788 ‘stult-os
869 2757 1052 2798 senes,
1084 2743 1173 2787 hoc
1203 2742 1439 2801 significat
1462 2743 1675 2788 credulos
1700 2743 1819 2788 obli-

138 2800 295 2845 uiosos
337 2801 609 2859 dissolutos,
650 2817 770 2858 quae
809 2803 930 2847 uitia
961 2805 1070 2846 sunt
1099 2816 1194 2846 non
1226 2801 1500 2859 senectutis,
1542 2803 1623 2846 sed
1653 2802 1818 2847 inertis

136 2859 341 2917 ignauae
373 2861 712 2906 somniculosae
745 2861 1029 2906 senectutis.’

259 2947 282 2985 1
315 2944 369 2985 tu
398 2943 635 2988 memalit
665 2943 884 2988 Halmius
967 2947 992 2986 2
1025 2941 1214 2986 iusseris
1242 2942 1361 2988 Gud.
1394 2940 1598 2986 illuseris
1622 2942 1816 3000 Auyust.
