2060 3140
216 116 288 169 30
865 116 958 162 CN.
988 117 1254 162 NAEVIVS

131 322 239 374 113¹
253 323 508 377 Pantaleo
548 323 784 378 Pisatilis
1021 256 1094 304 VI

332 416 496 461 Festus
528 432 572 473 p⁴
599 422 685 461 210
707 418 768 462 M.
812 417 1146 461 ‘Pisatilem
1191 418 1400 474 appellat
1438 417 1646 462 Naeuius
1685 419 1896 464 Panta-

214 475 482 532 leontem‚
521 476 571 518 id
610 479 681 519 est
719 489 743 519 e
774 475 895 519 Pisis
932 475 1180 520 oriundum
1218 479 1542 533 tyrannum,
1582 491 1687 521 cum
1718 477 1896 534 alioqui

214 534 324 578 inde
361 534 560 591 profecti
596 548 718 578 nunc
752 534 912 578 Pisani
953 534 1201 579 dicantur.’
1265 535 1438 579 Paulus
1469 551 1513 592 p.
1540 541 1623 580 211
1649 536 1709 581 Μ.
1746 536 1896 581 ‘Pisa-

213 593 347 637 tilem
370 592 578 637 Naeuius
610 592 729 637 dixit
761 606 786 636 e
807 592 928 636 Pisis
961 593 1244 638 oriundum.’
1300 594 1602 638 Pisalitem
1631 594 1759 639 Festi
1793 596 1894 640 cod.

214 651 465 695 Pisatem
502 651 869 696 'Lindemannus
943 651 1260 697 Pisatidem
1305 652 1567 699 Meinekius
1613 653 1713 699 Del.
1762 655 1892 699 anth.

217 710 291 755 Gr.
318 714 415 755 239.
471 709 743 754 Heraclides
773 710 1051 755 Politiarum
1083 725 1120 756 c.
1147 717 1172 756 6
1205 711 1332 769 (hist.
1360 711 1519 756 Graec.
1545 712 1589 755 H
1616 727 1661 768 p.
1680 718 1768 757 213
1791 714 1894 771 M.):

214 766 497 814 Πανταλέων
528 769 820 829 ἐβασίλευσεν
851 769 902 814 ἐν
924 770 1119 827 τούτοις,
1150 771 1367 830 ὑβριστὴς
1390 772 1471 815 καὶ
1494 769 1703 828 χαλεπός.
1760 768 1895 824 οὗτος

213 825 427 888 πρέσβεις
462 828 579 883 πρὸς
625 828 768 873 αὐτὸν
812 828 1037 881 ἐλθόντας
1080 829 1280 887 ἐκτεμὼν
1321 829 1558 888 ἠνάγκασε
1601 839 1896 888 καταφαγεῖν

213 887 321 939 τοὺς
361 886 523 944 ὄρχεις.
586 886 652 931 Cf.
685 887 943 932 Pausanias
967 888 1033 933 VI
1057 893 1127 945 21,
1156 893 1194 935 1.
1256 889 1474 934 Fortasse
1504 888 1555 932 in
1586 888 1895 934 Testicularia

213 945 351 989 huius
382 945 571 1002 tyranni
600 946 776 990 mentio
807 946 935 991 facta
967 950 1050 992 est.
1467 958 1480 969 ‘

1005 1057 1102 1105 VII

214 1139 445 1191 Tantum
498 1139 579 1192 1'bi
632 1140 805 1194 molae
859 1142 1119 1211 crepitum
1175 1141 1468 1212 faciebant,
1530 1142 1895 1196 tintinnabant

1273 1230 1566 1300 compedes

328 1314 494 1358 Festus
517 1330 561 1372 p.
580 1318 668 1360 364
682 1316 743 1361 Μ.
765 1316 1101 1361 ‘tintinnire
1126 1319 1198 1360 est
1221 1316 1346 1373 apud
1362 1316 1595 1360 Naeuium
1618 1317 1706 1361 hoc
1729 1318 1892 1362 modo:

210 1374 414 1417 tantum’
450 1387 487 1418 e.
513 1389 556 1430 q.
583 1389 617 1419 s.
672 1375 846 1419 Paulus
879 1391 923 1432 p.
943 1380 1028 1419 365
1044 1376 1105 1420 M.
1143 1375 1481 1420 ‘tintinnire
1521 1379 1576 1420 et
1605 1375 1892 1420 tintinna-

211 1432 351 1477 bant
387 1432 595 1477 Naeuius
635 1433 755 1478 dixit
791 1449 875 1492 pro
916 1434 1072 1479 sonitu
1114 1434 1455 1479 tintinnabuli.’
1527 1435 1744 1479 Fortasse
1790 1435 1892 1492 ipse

210 1494 353 1547 poeta
384 1491 498 1547 quid
528 1491 578 1536 in
610 1506 791 1538 carcere
821 1508 987 1551 passus
1020 1493 1083 1537 sit
1114 1495 1321 1540 enarrat:
1355 1493 1410 1538 cf.
1444 1493 1595 1538 Arioli
1625 1494 1678 1538 fr.
1704 1495 1738 1538 Ι.

330 1573 413 1616 ubi
454 1574 669 1620 Vaticani
698 1575 791 1620 RS
886 1574 1134 1632 strepitum
1173 1575 1483 1634 Kiessli‘nyius
1515 1582 1703 1633 propter
1740 1576 1894 1623 Ennii,

212 1644 318 1676 com.
342 1647 381 1677 v.
408 1637 449 1676 4.
488 1634 642 1678 molae
673 1634 910 1691 Crepitum
940 1649 974 1680 e.
1001 1649 1040 1692 q.
1067 1648 1101 1679 s.
1135 1635 1238 1679 Bue

992 1744 1117 1791 VIII

127 1841 241 1881 115.
264 1829 446 1879 utrum
472 1827 715 1896 scapulae
737 1827 859 1896 plus
884 1845 951 1880 an
972 1827 1140 1880 collus
1156 1828 1278 1880 calli
1294 1828 1439 1898 <mi>
1458 1828 1675 1898 habeat,
1697 1829 1891 1882 nescio.

329 1919 510 1963 Nonius
543 1924 650 1978 200,
681 1925 736 1964 25
786 1919 995 1965 ‘collus
1045 1921 1304 1965 masculino
1338 1956 1469 1967 .....
1501 1921 1715 1966 Neuius
1762 1922 1891 1968 Cor:

212 1979 385 2022 utrum’
420 1992 457 2024 e.
483 1994 527 2035 q.
554 1994 587 2023 s.
650 1979 925 2037 (Naeuius
966 1979 1170 2024 Colace
1202 1980 1366 2024 Junius
1398 1980 1643 2026 Animadv.
1669 1981 1733 2025 VI
1759 1986 1813 2025 10
1847 1983 1891 2025 ‘e

214 2036 372 2082 codice
405 2039 523 2095 suo’,
554 2038 846 2083 Hermannus
879 2053 1034 2096 opusc.
1059 2039 1103 2082 H
1127 2044 1226 2084 279.
1259 2039 1365 2085 fort.
1400 2039 1737 2097 Corollaria)

330 2122 546 2164 utrumne
571 2120 877 2178 Kiesslinqius
899 2134 1062 2164 uerum
1091 2135 1144 2166 cc:
1176 2122 1418 2178 expleverit
1435 2122 1636 2178 primam
1666 2123 1892 2180 syllabam

212 2191 247 2222 e.
280 2193 314 2223 c.
349 2179 430 2222 sed
460 2181 529 2224 vel
565 2194 675 2223 nam
705 2182 772 2224 vel
802 2181 870 2236 (ut
900 2180 1020 2237 Bue)
1052 2180 1177 2235 quod
1254 2236 1258 2239 -
1307 2180 1411 2236 plus
1445 2180 1642 2236 angulus
1676 2180 1773 2224 FL

213 2237 388 2281 habeat
425 2237 535 2282 calli
567 2239 862 2284 Hermannus

1014 2304 1085 2351 IX

213 2384 401 2455 'Ecqui
440 2388 604 2440 fuerit
639 2388 906 2458 persibUS‚
944 2406 1065 2440 cum
1098 2388 1305 2458 argenti
1345 2388 1495 2441 adest
1535 2389 1743 2442 oratio?

330 2480 491 2525 Festus
518 2497 562 2538 p.
582 2487 667 2526 217
680 2482 742 2526 Μ.
764 2481 1051 2538 ‘persibus
1065 2482 1077 2502 ’
1105 2481 1191 2538 (ita
1209 2481 1417 2538 Scaliger
1435 2481 1561 2528 Coni.
1585 2482 1636 2525 in
1651 2482 1781 2526 Varr.
1803 2487 1889 2526 160

211 2539 468 2594 persicus
502 2541 620 2598 cod.)
654 2542 943 2598 ‘peracutum
982 2540 1242 2597 significare
1273 2540 1481 2596 uidetur,
1522 2544 1576 2585 ut
1604 2541 1798 2585 Plautus
1830 2551 1888 2586 -Ἀ

213 2597 440 2643 Naeuius:
473 2601 520 2643 et
551 2599 648 2655 qui’
684 2613 721 2644 e.
747 2614 790 2655 q.
817 2614 850 2643 s.
914 2599 980 2644 Cf.
1013 2599 1289 2644 Demetrius.

331 2681 378 2722 et
416 2678 496 2733 qui
533 2679 675 2724 fuerit
710 2679 917 2737 persicus
957 2680 1167 2737 carpenti
1206 2681 1434 2725 adstratio
1474 2683 1591 2737 cod.‚
1638 2683 1690 2725 in
1727 2682 1889 2738 quibus

214 2737 347 2780 adest
391 2737 513 2781 ratio
561 2740 696 2784 latere
740 2741 977 2784 videbatm·
1022 2740 1301 2798 Augustino,
1358 2741 1593 2797 captanda
1645 2742 1716 2783 est
1764 2739 1887 2782 ratio

212 2795 430 2852 Dacerio,
464 2798 694 2852 carpenda
725 2800 797 2842 est
826 2797 947 2842 ratio
980 2799 1149 2844 Bothio
1178 2799 1405 2856 (carpenti
1439 2798 1667 2843 adstratio
1698 2800 1888 2843 invicem

213 2857 332 2899 tueri
369 2857 503 2899 sentit
540 2856 659 2913 Bue)
780 2857 847 2912 Cf.
889 2858 1092 2902 Paroem.
1132 2872 1197 2915 qr.
1231 2858 1274 2901 II
1309 2863 1392 2902 727
1433 2865 1603 2916 χρυσοῦ
1641 2860 1889 2908 λαλοῦντος

212 2920 304 2965 πᾶς
335 2912 621 2970 ἀπρακτείτω
653 2913 785 2972 λόγος
