2060 3140
218 143 326 196 376
493 142 580 187 AN
584 141 936 187 ONYMORVM
965 141 1262 186 MJMORVM
1290 141 1615 196 RELIQVIAE

218 282 311 331 aut
349 278 510 330 etiam
547 276 901 346 pompilum
938 276 1195 328 miniati
1233 275 1408 340 Iouis
1452 277 1738 331 similem.
1778 321 1788 331 .
1829 322 1840 331 .
1883 321 1896 331 .

216 371 278 420 tu
316 385 443 419 uero
485 409 496 418 .
536 408 546 418 .
588 408 598 417 .
639 365 703 416 ad
746 364 1218 433 tyrotarichum
1258 365 1538 433 antiquum
1576 366 1689 418 redi
1729 409 1739 419 .
1780 409 1789 418 .
1831 409 1841 419 .
1883 407 1896 419 .

217 455 343 507 salis
383 454 524 507 enim
562 453 692 505 satis
731 456 825 522 est,
864 453 1240 505 sannionum
1279 453 1504 522 parum.’
1569 452 1644 506 Of.
1676 453 1818 507 XIV.

335 568 521 626 Repetii
558 568 733 624 locum,
773 567 986 623 quamvis
1020 582 1302 625 magnopere
1334 568 1545 612 dubitem
1575 583 1687 612 num
1719 571 1896 613 certum

217 628 410 672 mimum
447 626 703 683 respexerit
741 626 920 672 Cicero:
966 626 1105 670 nihili
1148 630 1219 671 est
1257 627 1486 671 Krahneri
1532 628 1799 672 coniectura
1844 628 1895 672 in

219 688 396 744 ephem.
429 687 577 730 Marb.
612 691 724 730 1852
770 701 815 742 p.
841 691 927 729 396
960 701 1056 741 sqq.
1101 686 1307 742 prolata,
1354 686 1661 743 Popilium,
1708 688 1894 731 Dena-

216 747 380 802 rium,
410 744 776 802 Tyrotarichi
806 744 1064 801 patinam
1093 745 1363 789 exodiorum
1385 745 1712 802 (Accianorum
1737 747 1897 804 adeol)

217 805 409 849 nomina
434 818 553 849 esse:
584 804 813 860 ultimam,
847 803 943 848 scil.
969 804 1245 860 tyrotarichi
1270 804 1483 861 patinam
1505 804 1743 849 Dieterich
1765 806 1899 850 Pulc.

221 870 288 909 75.
324 869 407 908 109
445 866 652 907 saturam
688 863 1036 919 interpretatur.
1101 863 1313 907 Ceterum
1345 863 1400 907 cf.
1436 864 1495 907 ad.
1525 864 1622 908 Att.
1654 865 1718 908 IV
1750 869 1828 920 86,
1855 869 1895 909 1.

218 924 325 967 XIV
358 928 426 980 16,
453 928 491 967 1.
553 922 863 979 pompilum
893 921 1098 966 Rutilius
1130 922 1272 979 (idem
1302 922 1424 966 infra
1456 923 1639 980 scripsi,
1678 923 1761 967 ubi
1798 938 1896 979 po-

219 983 409 1039 lypum
440 982 580 1039 Med.)
625 981 933 1038 popillium
963 982 1084 1026 Med.
1126 982 1395 1038 polypum
1427 981 1654 1026 Corradus
1700 983 1898 1039 popel-

218 1042 331 1084 lum
361 1042 458 1084 Bue
548 1040 916 1097 thynnarium
947 1040 1152 1084 Rutilius
1184 1041 1537 1096 (cantharum
1569 1041 1897 1085 Mendelssohn

216 1100 466 1144 naritam
495 1100 567 1143 Fr.
593 1099 807 1156 Schoell).
862 1100 1006 1143 Immo
1038 1113 1097 1143 116
1127 1114 1272 1142 111111111
1303 1099 1492 1155 quidem
1524 1100 1816 1144 denarium
1848 1114 1899 1144 se

218 1160 268 1203 in
301 1159 396 1203 olla
426 1159 599 1203 habere
636 1158 919 1202 lamentatus
960 1161 1061 1202 erat
1090 1159 1261 1202 Paetus
1294 1159 1367 1214 (cf.
1396 1163 1464 1215 18,
1488 1160 1547 1215 4).
1655 1159 1896 1203 miniani

217 1219 333 1276 cod.,
367 1232 480 1262 corr.
513 1216 789 1262 Lambinus:
820 1219 951 1260 tenet
980 1217 1101 1260 illud
1131 1218 1474 1261 Mendelssohn.

1016 1386 1094 1433 III

329 1470 511 1523 Cicero
550 1470 688 1524 Phil.
730 1469 784 1523 II
828 1471 914 1540 27,
946 1470 1016 1522 66
1064 1460 1170 1522 ein
1194 1471 1307 1523 eius
1352 1471 1520 1542 igitur
1563 1472 1669 1525 uiri
1716 1471 1900 1541 copias

216 1579 337 1613 cum
385 1579 440 1612 se
487 1560 666 1612 subito
713 1559 1119 1631 ingurgitasset,
1166 1560 1441 1612 exultabat
1489 1560 1708 1631 gaudio,
1760 1578 1899 1630 per-

215 1667 369 1702 sona
417 1649 486 1701 de
531 1649 741 1701 mimo:
788 1648 969 1701 modo
1017 1666 1228 1719 egenS,
1273 1652 1533 1718 repente
1582 1649 1792 1726 diues?

334 1763 400 1808 Cf.
434 1763 592 1808 Cicero
623 1777 707 1820 pro
741 1763 958 1816 Quinctio
993 1768 1062 1819 17,
1088 1768 1144 1808 55
1180 1764 1333 1807 ‘uetus
1367 1766 1438 1807 est
1470 1764 1527 1807 de
1560 1778 1718 1808 scurra
1746 1763 1900 1807 multo

214 1823 403 1867 facilius
436 1823 633 1867 diuitem
663 1837 805 1879 quam
834 1825 1016 1879 patrem
1046 1822 1251 1867 familias
1283 1822 1383 1866 fieri
1419 1824 1588 1879 posse.’
1651 1822 1900 1868 Petronius

219 1897 255 1927 c.
283 1887 360 1928 80:

399 1942 529 1998 ‘grex
561 1940 662 1998 agit
692 1940 742 1984 in
774 1955 943 1984 scaena
972 1940 1186 1986 mimum:
1218 1943 1381 1997 pater
1411 1940 1492 1985 1116
1523 1943 1733 1998 uocatur,

451 1999 619 2043 filius
651 1999 740 2056 hic,
772 2014 941 2043 nomen
973 2000 1178 2043 diuitis
1209 2000 1292 2043 ille
1323 2002 1464 2045 tenet.

391 2074 499 2103 mox
529 2058 612 2103 ubi
642 2059 863 2102 ridendas
894 2059 1086 2103 inclusit
1114 2059 1290 2116 pagina
1319 2061 1498 2116 partes,

451 2132 564 2162 uera
594 2118 718 2162 redit
747 2118 914 2175 facieS,
948 2119 1059 2161 dum
1090 2118 1311 2162 simulata
1340 2118 1495 2175 perit.’

217 2193 286 2249 (In
324 2208 366 2236 v.
401 2197 427 2235 3
466 2206 548 2249 pro
586 2191 799 2249 pagina
839 2194 1053 2248 expectes
1094 2192 1349 2249 capsula:
1387 2193 1734 2248 reponebantur
1772 2191 1896 2235 enim

214 2251 265 2294 in
298 2251 490 2308 capsula
521 2251 725 2308 chartae,
759 2265 879 2307 quae
911 2250 1108 2308 scriptas
1138 2253 1295 2308 partes
1328 2252 1626 2307 exhibebant,
1659 2266 1765 2295 cum
1793 2264 1898 2308 per-

217 2313 324 2355 acta
354 2310 518 2354 fabula
550 2313 684 2354 esset.
745 2310 1009 2354 machina
1040 2310 1095 2354 ci.
1120 2311 1218 2354 Β116
1247 2310 1487 2367 pergula
1517 2310 1674 2354 nescio
1706 2310 1828 2366 quis)

1017 2494 1090 2541 IV

331 2577 513 2630 Cicero
559 2597 657 2647 pro
699 2578 878 2631 Caelio
922 2579 1009 2648 27,
1049 2578 1120 2630 64
1166 2578 1334 2630 ‘uelut
1379 2578 1508 2630 haec
1555 2581 1669 2631 tota
1715 2578 1900 2630 fabula

218 2666 417 2718 ueteris
463 2669 516 2718 et
564 2667 918 2735 plurimarum
969 2666 1272 2718 fabularum
1320 2667 1556 2735 poetriae
1607 2685 1766 2734 quam
1817 2668 1899 2717 est

218 2754 330 2806 sine
370 2757 707 2825 argumento!
757 2773 916 2824 quam
946 2755 1155 2807 nullum
1186 2755 1425 2807 inuenire
1457 2755 1658 2807 exitum
1697 2754 1897 2823 potest!

219 2883 230 2893 .
266 2884 274 2893 .
313 2884 323 2893 .
363 2843 536 2894 mimi
575 2861 702 2913 ergo
735 2847 815 2895 est
845 2844 951 2895 iam
989 2843 1223 2912 exituS,
1259 2861 1370 2896 non
1399 2843 1632 2895 fabulae:
1671 2842 1734 2893 in
1774 2859 1895 2909 quo

219 2947 354 2981 cum
409 2931 695 2982 clausula
750 2949 876 2983 non
936 2931 1291 2999 inuenitur,
1351 2931 1522 3000 fugit
1577 2929 1813 2997 aliquis
1867 2946 1895 2980 6
