<?xml version="1.0" encoding="UTF-8"?>
<!DOCTYPE html PUBLIC "-//W3C//DTD XHTML 1.0 Transitional//EN"
    "http://www.w3.org/TR/xhtml1/DTD/xhtml1-transitional.dtd">
<html xmlns="http://www.w3.org/1999/xhtml" xml:lang="en" lang="en">
 <head>
  <title>
</title>
<meta http-equiv="Content-Type" content="text/html;charset=utf-8" />
  <meta name='ocr-system' content='tesseract 3.04.00' />
  <meta name='ocr-capabilities' content='ocr_page ocr_carea ocr_par ocr_line ocrx_word'/>
</head>
<body>
  <div class='ocr_page' id='page_1' title='image "./scaenicaeromanor02ribbuoft_0392.png"; bbox 0 0 2060 3140; ppageno 0'>
   <div class='ocr_carea' id='block_1_1' title="bbox 140 2266 195 2304">
    <p class='ocr_par' dir='ltr' id='par_1_1' title="bbox 140 2266 195 2304">
     <span class='ocr_line' id='line_1_1' title="bbox 140 2266 195 2304; baseline 0 0"><span class='ocrx_word' id='word_1_1' title='bbox 140 2266 195 2304; x_wconf 92' lang='lat'>10</span> 
     </span>
    </p>
   </div>
   <div class='ocr_carea' id='block_1_2' title="bbox 214 131 1614 186">
    <p class='ocr_par' dir='ltr' id='par_1_2' title="bbox 214 131 1614 186">
     <span class='ocr_line' id='line_1_2' title="bbox 214 131 1614 186; baseline -0.007 -2"><span class='ocrx_word' id='word_1_2' title='bbox 214 132 324 184; x_wconf 84' lang='lat'>380</span> <span class='ocrx_word' id='word_1_3' title='bbox 489 132 932 178; x_wconf 89' lang='lat' dir='ltr'><strong>ANONYMORVM</strong></span> <span class='ocrx_word' id='word_1_4' title='bbox 962 134 1259 180; x_wconf 86' lang='lat' dir='ltr'>MIMORVM</span> <span class='ocrx_word' id='word_1_5' title='bbox 1288 131 1614 186; x_wconf 84' lang='lat' dir='ltr'><strong>RELIQVIAE</strong></span> 
     </span>
    </p>
   </div>
   <div class='ocr_carea' id='block_1_3' title="bbox 215 288 1902 1058">
    <p class='ocr_par' dir='ltr' id='par_1_3' title="bbox 994 288 1113 335">
     <span class='ocr_line' id='line_1_3' title="bbox 994 288 1113 335; baseline -0.008 0"><span class='ocrx_word' id='word_1_6' title='bbox 994 288 1113 335; x_wconf 89' lang='lat' dir='ltr'>XIV</span> 
     </span>
    </p>

    <p class='ocr_par' dir='ltr' id='par_1_4' title="bbox 215 369 1902 1058">
     <span class='ocr_line' id='line_1_4' title="bbox 330 369 1894 439; baseline 0 -17"><span class='ocrx_word' id='word_1_7' title='bbox 330 369 512 422; x_wconf 83' lang='lat' dir='ltr'>Cicero</span> <span class='ocrx_word' id='word_1_8' title='bbox 546 370 608 421; x_wconf 91' lang='lat' dir='ltr'>de</span> <span class='ocrx_word' id='word_1_9' title='bbox 641 373 770 422; x_wconf 87' lang='lat' dir='ltr'>orat.</span> <span class='ocrx_word' id='word_1_10' title='bbox 795 369 850 422; x_wconf 96' lang='lat' dir='ltr'>II</span> <span class='ocrx_word' id='word_1_11' title='bbox 881 371 966 439; x_wconf 87' lang='lat'>61,</span> <span class='ocrx_word' id='word_1_12' title='bbox 991 370 1094 422; x_wconf 79' lang='lat'>251</span> <span class='ocrx_word' id='word_1_13' title='bbox 1125 370 1304 439; x_wconf 73' lang='lat' dir='ltr'>‘atque</span> <span class='ocrx_word' id='word_1_14' title='bbox 1333 370 1435 422; x_wconf 88' lang='lat' dir='ltr'>hoc</span> <span class='ocrx_word' id='word_1_15' title='bbox 1467 370 1629 422; x_wconf 90' lang='lat' dir='ltr'>etiam</span> <span class='ocrx_word' id='word_1_16' title='bbox 1661 370 1894 422; x_wconf 87' lang='lat' dir='ltr'>animad-</span> 
     </span>
     <span class='ocr_line' id='line_1_5' title="bbox 215 458 1895 527; baseline 0 -17"><span class='ocrx_word' id='word_1_17' title='bbox 215 459 531 510; x_wconf 86' lang='lat' dir='ltr'>uertendum</span> <span class='ocrx_word' id='word_1_18' title='bbox 571 462 672 526; x_wconf 90' lang='grc'>881,</span> <span class='ocrx_word' id='word_1_19' title='bbox 725 477 834 510; x_wconf 89' lang='grc'>11011</span> <span class='ocrx_word' id='word_1_20' title='bbox 873 477 984 511; x_wconf 93' lang='grc'>8888</span> <span class='ocrx_word' id='word_1_21' title='bbox 1025 459 1204 512; x_wconf 86' lang='grc'>01111118</span> <span class='ocrx_word' id='word_1_22' title='bbox 1240 459 1466 512; x_wconf 88' lang='grc'>1111181118</span> <span class='ocrx_word' id='word_1_23' title='bbox 1503 459 1689 511; x_wconf 88' lang='lat' dir='ltr'>faceta.</span> <span class='ocrx_word' id='word_1_24' title='bbox 1766 458 1895 527; x_wconf 90' lang='lat' dir='ltr'>quid</span> 
     </span>
     <span class='ocr_line' id='line_1_6' title="bbox 217 546 1895 617; baseline 0.001 -20"><span class='ocrx_word' id='word_1_25' title='bbox 217 546 357 598; x_wconf 91' lang='lat' dir='ltr'>enim</span> <span class='ocrx_word' id='word_1_26' title='bbox 407 549 587 614; x_wconf 88' lang='lat' dir='ltr'>potest</span> <span class='ocrx_word' id='word_1_27' title='bbox 633 564 744 598; x_wconf 90' lang='lat' dir='ltr'>esse</span> <span class='ocrx_word' id='word_1_28' title='bbox 794 549 905 599; x_wconf 89' lang='lat' dir='ltr'>tam</span> <span class='ocrx_word' id='word_1_29' title='bbox 954 547 1240 600; x_wconf 85' lang='lat' dir='ltr'>ridiculum</span> <span class='ocrx_word' id='word_1_30' title='bbox 1291 567 1451 617; x_wconf 90' lang='lat' dir='ltr'>quam</span> <span class='ocrx_word' id='word_1_31' title='bbox 1505 546 1734 600; x_wconf 53' lang='lat' dir='ltr'>sanniol</span> <span class='ocrx_word' id='word_1_32' title='bbox 1779 546 1895 599; x_wconf 83' lang='lat' dir='ltr'>est‘?</span> 
     </span>
     <span class='ocr_line' id='line_1_7' title="bbox 217 627 1897 706; baseline 0.001 -20"><span class='ocrx_word' id='word_1_33' title='bbox 217 652 329 703; x_wconf 79' lang='lat' dir='ltr'>ore,</span> <span class='ocrx_word' id='word_1_34' title='bbox 368 634 546 703; x_wconf 90' lang='grc'>11111111,</span> <span class='ocrx_word' id='word_1_35' title='bbox 589 634 864 687; x_wconf 71' lang='lat' dir='ltr'>imitandis</span> <span class='ocrx_word' id='word_1_36' title='bbox 902 635 1163 706; x_wconf 84' lang='lat' dir='ltr'>moribus,</span> <span class='ocrx_word' id='word_1_37' title='bbox 1209 654 1363 706; x_wconf 79' lang='lat' dir='ltr'>uoce,</span> <span class='ocrx_word' id='word_1_38' title='bbox 1411 636 1636 704; x_wconf 91' lang='lat' dir='ltr'>denique</span> <span class='ocrx_word' id='word_1_39' title='bbox 1675 627 1897 704; x_wconf 86' lang='lat' dir='ltr'>corpore</span> 
     </span>
     <span class='ocr_line' id='line_1_8' title="bbox 216 723 1898 794; baseline 0.001 -20"><span class='ocrx_word' id='word_1_40' title='bbox 216 723 421 774; x_wconf 75' lang='lat' dir='ltr'>ridetur</span> <span class='ocrx_word' id='word_1_41' title='bbox 466 723 599 792; x_wconf 82' lang='lat' dir='ltr'>ipso,</span> <span class='ocrx_word' id='word_1_42' title='bbox 677 723 876 775; x_wconf 90' lang='lat' dir='ltr'>salsum</span> <span class='ocrx_word' id='word_1_43' title='bbox 930 723 1073 777; x_wconf 90' lang='lat' dir='ltr'>hunc</span> <span class='ocrx_word' id='word_1_44' title='bbox 1116 743 1337 794; x_wconf 88' lang='lat' dir='ltr'>possum</span> <span class='ocrx_word' id='word_1_45' title='bbox 1384 724 1556 776; x_wconf 80' lang='lat' dir='ltr'>dicere</span> <span class='ocrx_word' id='word_1_46' title='bbox 1603 726 1761 792; x_wconf 88' lang='lat' dir='ltr'>atque</span> <span class='ocrx_word' id='word_1_47' title='bbox 1807 723 1898 793; x_wconf 83' lang='lat' dir='ltr'>ita,</span> 
     </span>
     <span class='ocr_line' id='line_1_9' title="bbox 215 810 1898 882; baseline 0.001 -20"><span class='ocrx_word' id='word_1_48' title='bbox 215 829 326 863; x_wconf 94' lang='lat' dir='ltr'>non</span> <span class='ocrx_word' id='word_1_49' title='bbox 355 815 417 863; x_wconf 89' lang='lat' dir='ltr'>ut</span> <span class='ocrx_word' id='word_1_50' title='bbox 449 812 561 864; x_wconf 92' lang='lat' dir='ltr'>eius</span> <span class='ocrx_word' id='word_1_51' title='bbox 592 812 737 864; x_wconf 91' lang='lat' dir='ltr'>modi</span> <span class='ocrx_word' id='word_1_52' title='bbox 769 815 1036 865; x_wconf 88' lang='lat' dir='ltr'>oratorem</span> <span class='ocrx_word' id='word_1_53' title='bbox 1068 831 1179 865; x_wconf 90' lang='lat' dir='ltr'>esse</span> <span class='ocrx_word' id='word_1_54' title='bbox 1209 813 1388 882; x_wconf 86' lang='lat' dir='ltr'>uelim,</span> <span class='ocrx_word' id='word_1_55' title='bbox 1427 813 1519 865; x_wconf 91' lang='lat' dir='ltr'>sed</span> <span class='ocrx_word' id='word_1_56' title='bbox 1549 815 1610 864; x_wconf 93' lang='lat' dir='ltr'>ut</span> <span class='ocrx_word' id='word_1_57' title='bbox 1639 810 1898 864; x_wconf 90' lang='lat' dir='ltr'>mimum.&#39;</span> 
     </span>
     <span class='ocr_line' id='line_1_10' title="bbox 220 898 1902 972; baseline 0.001 -21"><span class='ocrx_word' id='word_1_58' title='bbox 220 898 536 970; x_wconf 75' lang='lat' dir='ltr'>(‘imitandis</span> <span class='ocrx_word' id='word_1_59' title='bbox 568 901 825 954; x_wconf 89' lang='lat' dir='ltr'>moribus&#39;</span> <span class='ocrx_word' id='word_1_60' title='bbox 859 902 980 954; x_wconf 90' lang='lat' dir='ltr'>incl.</span> <span class='ocrx_word' id='word_1_61' title='bbox 1006 899 1336 972; x_wconf 87' lang='lat' dir='ltr'>Harnecker)</span> <span class='ocrx_word' id='word_1_62' title='bbox 1407 900 1484 954; x_wconf 84' lang='lat' dir='ltr'>Of.</span> <span class='ocrx_word' id='word_1_63' title='bbox 1515 899 1570 952; x_wconf 91' lang='lat' dir='ltr'>II</span> <span class='ocrx_word' id='word_1_64' title='bbox 1608 903 1661 953; x_wconf 91' lang='lat' dir='ltr'>et</span> <span class='ocrx_word' id='word_1_65' title='bbox 1690 899 1902 954; x_wconf 89' lang='lat' dir='ltr'>Nonius</span> 
     </span>
     <span class='ocr_line' id='line_1_11' title="bbox 219 988 1634 1058; baseline 0.001 -19"><span class='ocrx_word' id='word_1_66' title='bbox 219 1007 272 1056; x_wconf 90' lang='lat' dir='ltr'>p.</span> <span class='ocrx_word' id='word_1_67' title='bbox 298 988 364 1039; x_wconf 86' lang='lat'>61</span> <span class='ocrx_word' id='word_1_68' title='bbox 407 1008 454 1041; x_wconf 86' lang='lat' dir='ltr'>v.</span> <span class='ocrx_word' id='word_1_69' title='bbox 495 989 790 1042; x_wconf 76' lang='lat' dir='ltr'>sanniones</span> <span class='ocrx_word' id='word_1_70' title='bbox 853 989 1111 1042; x_wconf 82' lang='lat' dir='ltr'>Zielinski</span> <span class='ocrx_word' id='word_1_71' title='bbox 1151 993 1351 1058; x_wconf 86' lang='lat' dir='ltr'>quaest.</span> <span class='ocrx_word' id='word_1_72' title='bbox 1384 1007 1516 1042; x_wconf 89' lang='lat' dir='ltr'>com.</span> <span class='ocrx_word' id='word_1_73' title='bbox 1548 988 1634 1041; x_wconf 82' lang='lat'>57.</span> 
     </span>
    </p>
   </div>
   <div class='ocr_carea' id='block_1_4' title="bbox 330 1171 1904 1334">
    <p class='ocr_par' dir='ltr' id='par_1_5' title="bbox 330 1171 1904 1334">
     <span class='ocr_line' id='line_1_12' title="bbox 1015 1171 1108 1218; baseline -0.011 0"><span class='ocrx_word' id='word_1_74' title='bbox 1015 1171 1108 1218; x_wconf 86' lang='lat' dir='ltr'>XV</span> 
     </span>
     <span class='ocr_line' id='line_1_13' title="bbox 330 1247 1904 1334; baseline -0.001 -26"><span class='ocrx_word' id='word_1_75' title='bbox 330 1254 540 1308; x_wconf 90' lang='lat' dir='ltr'>Nonius</span> <span class='ocrx_word' id='word_1_76' title='bbox 571 1247 659 1334; x_wconf 44' lang='lat'>&#39;67</span> <span class='ocrx_word' id='word_1_77' title='bbox 708 1254 779 1307; x_wconf 80' lang='lat'>25</span> <span class='ocrx_word' id='word_1_78' title='bbox 851 1255 1109 1308; x_wconf 71' lang='lat' dir='ltr'>‘caluitur</span> <span class='ocrx_word' id='word_1_79' title='bbox 1178 1254 1380 1306; x_wconf 93' lang='lat' dir='ltr'>dictum</span> <span class='ocrx_word' id='word_1_80' title='bbox 1450 1257 1530 1306; x_wconf 90' lang='lat' dir='ltr'>est</span> <span class='ocrx_word' id='word_1_81' title='bbox 1600 1254 1904 1324; x_wconf 84' lang='lat' dir='ltr'>frustratur,</span> 
     </span>
    </p>
   </div>
   <div class='ocr_carea' id='block_1_5' title="bbox 221 1342 1903 1483">
    <p class='ocr_par' dir='ltr' id='par_1_6' title="bbox 221 1342 1903 1483">
     <span class='ocr_line' id='line_1_14' title="bbox 221 1342 1903 1414; baseline 0 -20"><span class='ocrx_word' id='word_1_82' title='bbox 221 1345 451 1395; x_wconf 91' lang='lat' dir='ltr'>tractum</span> <span class='ocrx_word' id='word_1_83' title='bbox 505 1362 535 1395; x_wconf 88' lang='lat' dir='ltr'>a</span> <span class='ocrx_word' id='word_1_84' title='bbox 589 1343 792 1396; x_wconf 87' lang='lat' dir='ltr'>caluis</span> <span class='ocrx_word' id='word_1_85' title='bbox 846 1344 1140 1414; x_wconf 90' lang='grc'>11111111818,</span> <span class='ocrx_word' id='word_1_86' title='bbox 1203 1342 1371 1412; x_wconf 91' lang='lat' dir='ltr'>quod</span> <span class='ocrx_word' id='word_1_87' title='bbox 1427 1342 1556 1394; x_wconf 90' lang='lat' dir='ltr'>sint</span> <span class='ocrx_word' id='word_1_88' title='bbox 1611 1343 1903 1395; x_wconf 86' lang='lat' dir='ltr'>omnibus</span> 
     </span>
     <span class='ocr_line' id='line_1_15' title="bbox 221 1431 603 1483; baseline 0.003 -1"><span class='ocrx_word' id='word_1_89' title='bbox 221 1431 603 1483; x_wconf 86' lang='lat' dir='ltr'>frustratui.&#39;</span> 
     </span>
    </p>
   </div>
   <div class='ocr_carea' id='block_1_6' title="bbox 1001 1539 1119 1586">
    <p class='ocr_par' dir='ltr' id='par_1_7' title="bbox 1001 1539 1119 1586">
     <span class='ocr_line' id='line_1_16' title="bbox 1001 1539 1119 1586; baseline 0 0"><span class='ocrx_word' id='word_1_90' title='bbox 1001 1539 1119 1586; x_wconf 83' lang='lat' dir='ltr'>XV1</span> 
     </span>
    </p>
   </div>
   <div class='ocr_carea' id='block_1_7' title="bbox 223 1622 1908 2046">
    <p class='ocr_par' dir='ltr' id='par_1_8' title="bbox 223 1622 1908 2046">
     <span class='ocr_line' id='line_1_17' title="bbox 334 1622 1905 1693; baseline 0.001 -18"><span class='ocrx_word' id='word_1_91' title='bbox 334 1623 593 1676; x_wconf 90' lang='lat' dir='ltr'>Horatius</span> <span class='ocrx_word' id='word_1_92' title='bbox 631 1623 783 1692; x_wconf 84' lang='lat' dir='ltr'>epist.</span> <span class='ocrx_word' id='word_1_93' title='bbox 821 1622 847 1675; x_wconf 96' lang='lat' dir='ltr'>I</span> <span class='ocrx_word' id='word_1_94' title='bbox 891 1623 974 1693; x_wconf 75' lang='lat'>18,</span> <span class='ocrx_word' id='word_1_95' title='bbox 1009 1623 1078 1675; x_wconf 90' lang='grc'>10</span> <span class='ocrx_word' id='word_1_96' title='bbox 1126 1623 1281 1675; x_wconf 69' lang='lat' dir='ltr'>ealter</span> <span class='ocrx_word' id='word_1_97' title='bbox 1325 1623 1382 1675; x_wconf 91' lang='lat' dir='ltr'>in</span> <span class='ocrx_word' id='word_1_98' title='bbox 1421 1622 1738 1692; x_wconf 88' lang='lat' dir='ltr'>obsequium</span> <span class='ocrx_word' id='word_1_99' title='bbox 1782 1624 1905 1693; x_wconf 88' lang='lat' dir='ltr'>plus</span> 
     </span>
     <span class='ocr_line' id='line_1_18' title="bbox 224 1711 1907 1781; baseline 0.001 -18"><span class='ocrx_word' id='word_1_100' title='bbox 224 1730 392 1781; x_wconf 89' lang='lat' dir='ltr'>aequo</span> <span class='ocrx_word' id='word_1_101' title='bbox 437 1730 639 1781; x_wconf 89' lang='lat' dir='ltr'>pronus</span> <span class='ocrx_word' id='word_1_102' title='bbox 686 1715 739 1764; x_wconf 92' lang='lat' dir='ltr'>et</span> <span class='ocrx_word' id='word_1_103' title='bbox 785 1711 881 1763; x_wconf 94' lang='lat' dir='ltr'>imi</span> <span class='ocrx_word' id='word_1_104' title='bbox 922 1711 1144 1764; x_wconf 83' lang='lat' dir='ltr'>Derisor</span> <span class='ocrx_word' id='word_1_105' title='bbox 1188 1712 1314 1764; x_wconf 91' lang='lat' dir='ltr'>lecti</span> <span class='ocrx_word' id='word_1_106' title='bbox 1361 1712 1436 1764; x_wconf 89' lang='lat' dir='ltr'>sic</span> <span class='ocrx_word' id='word_1_107' title='bbox 1481 1715 1673 1764; x_wconf 89' lang='lat' dir='ltr'>nutum</span> <span class='ocrx_word' id='word_1_108' title='bbox 1720 1712 1907 1765; x_wconf 87' lang='lat' dir='ltr'>diuitis</span> 
     </span>
     <span class='ocr_line' id='line_1_19' title="bbox 223 1798 1907 1871; baseline 0.001 -19"><span class='ocrx_word' id='word_1_109' title='bbox 223 1799 429 1871; x_wconf 79' lang='lat' dir='ltr'>horret,</span> <span class='ocrx_word' id='word_1_110' title='bbox 477 1798 566 1852; x_wconf 85' lang='lat' dir='ltr'>Sic</span> <span class='ocrx_word' id='word_1_111' title='bbox 611 1799 771 1852; x_wconf 89' lang='lat' dir='ltr'>iterat</span> <span class='ocrx_word' id='word_1_112' title='bbox 816 1818 974 1852; x_wconf 92' lang='lat' dir='ltr'>uoces</span> <span class='ocrx_word' id='word_1_113' title='bbox 1023 1803 1076 1852; x_wconf 90' lang='lat' dir='ltr'>et</span> <span class='ocrx_word' id='word_1_114' title='bbox 1120 1800 1286 1852; x_wconf 85' lang='lat' dir='ltr'>uerba</span> <span class='ocrx_word' id='word_1_115' title='bbox 1333 1799 1575 1853; x_wconf 73' lang='lat' dir='ltr'>cadentia</span> <span class='ocrx_word' id='word_1_116' title='bbox 1621 1800 1786 1870; x_wconf 84' lang='lat' dir='ltr'>tollit,</span> <span class='ocrx_word' id='word_1_117' title='bbox 1829 1800 1907 1854; x_wconf 88' lang='lat' dir='ltr'>Vt</span> 
     </span>
     <span class='ocr_line' id='line_1_20' title="bbox 223 1888 1908 1959; baseline 0.001 -19"><span class='ocrx_word' id='word_1_118' title='bbox 223 1907 448 1957; x_wconf 87' lang='lat' dir='ltr'>puerum</span> <span class='ocrx_word' id='word_1_119' title='bbox 503 1906 661 1941; x_wconf 91' lang='lat' dir='ltr'>saeuo</span> <span class='ocrx_word' id='word_1_120' title='bbox 718 1889 899 1941; x_wconf 91' lang='lat' dir='ltr'>credas</span> <span class='ocrx_word' id='word_1_121' title='bbox 954 1889 1152 1941; x_wconf 86' lang='grc'>11181818</span> <span class='ocrx_word' id='word_1_122' title='bbox 1211 1889 1473 1959; x_wconf 84' lang='lat' dir='ltr'>magistro</span> <span class='ocrx_word' id='word_1_123' title='bbox 1526 1888 1766 1942; x_wconf 91' lang='lat' dir='ltr'>Reddere</span> <span class='ocrx_word' id='word_1_124' title='bbox 1819 1890 1908 1941; x_wconf 90' lang='lat' dir='ltr'>uel</span> 
     </span>
     <span class='ocr_line' id='line_1_21' title="bbox 223 1976 1596 2046; baseline 0.001 -17"><span class='ocrx_word' id='word_1_125' title='bbox 223 1978 391 2046; x_wconf 88' lang='lat' dir='ltr'>partis</span> <span class='ocrx_word' id='word_1_126' title='bbox 429 1977 654 2030; x_wconf 90' lang='lat' dir='ltr'>mimum</span> <span class='ocrx_word' id='word_1_127' title='bbox 692 1980 920 2029; x_wconf 88' lang='lat' dir='ltr'>tractare</span> <span class='ocrx_word' id='word_1_128' title='bbox 961 1977 1250 2030; x_wconf 62' lang='lat' dir='ltr'>secundas?</span> <span class='ocrx_word' id='word_1_129' title='bbox 1315 1976 1392 2030; x_wconf 84' lang='lat' dir='ltr'>Cf.</span> <span class='ocrx_word' id='word_1_130' title='bbox 1424 1976 1596 2030; x_wconf 89' lang='lat' dir='ltr'>XVH.</span> 
     </span>
    </p>
   </div>
   <div class='ocr_carea' id='block_1_8' title="bbox 229 2159 1208 2298">
    <p class='ocr_par' dir='ltr' id='par_1_9' title="bbox 229 2159 1208 2298">
     <span class='ocr_line' id='line_1_22' title="bbox 456 2159 1138 2225; baseline 0 -18"><span class='ocrx_word' id='word_1_131' title='bbox 456 2220 460 2225; x_wconf 21' lang='grc' dir='ltr'><strong>μ</strong></span> <span class='ocrx_word' id='word_1_132' title='bbox 992 2159 1138 2207; x_wconf 88' lang='lat' dir='ltr'><strong>XVII</strong></span> 
     </span>
     <span class='ocr_line' id='line_1_23' title="bbox 229 2244 1208 2298; baseline 0 -2"><span class='ocrx_word' id='word_1_133' title='bbox 229 2286 445 2296; x_wconf 89' lang='grc'><strong>.....</strong></span> <span class='ocrx_word' id='word_1_134' title='bbox 486 2244 633 2296; x_wconf 77' lang='lat' dir='ltr'>salua</span> <span class='ocrx_word' id='word_1_135' title='bbox 671 2263 777 2296; x_wconf 85' lang='lat' dir='ltr'>res:</span> <span class='ocrx_word' id='word_1_136' title='bbox 816 2245 996 2296; x_wconf 78' lang='lat' dir='ltr'>cantat</span> <span class='ocrx_word' id='word_1_137' title='bbox 1034 2262 1208 2298; x_wconf 86' lang='lat' dir='ltr'>senex.</span> 
     </span>
    </p>
   </div>
   <div class='ocr_carea' id='block_1_9' title="bbox 228 2344 1908 2991">
    <p class='ocr_par' dir='ltr' id='par_1_10' title="bbox 228 2344 1908 2991">
     <span class='ocr_line' id='line_1_24' title="bbox 346 2344 1908 2400; baseline 0.001 -13"><span class='ocrx_word' id='word_1_138' title='bbox 346 2344 510 2388; x_wconf 86' lang='lat' dir='ltr'>Festus</span> <span class='ocrx_word' id='word_1_139' title='bbox 549 2359 592 2400; x_wconf 89' lang='lat' dir='ltr'>p.</span> <span class='ocrx_word' id='word_1_140' title='bbox 620 2350 705 2389; x_wconf 83' lang='lat'>326</span> <span class='ocrx_word' id='word_1_141' title='bbox 740 2345 801 2389; x_wconf 90' lang='lat' dir='ltr'>M.</span> <span class='ocrx_word' id='word_1_142' title='bbox 846 2345 1028 2389; x_wconf 81' lang='lat' dir='ltr'>‘salua</span> <span class='ocrx_word' id='word_1_143' title='bbox 1065 2359 1152 2389; x_wconf 90' lang='lat' dir='ltr'>res</span> <span class='ocrx_word' id='word_1_144' title='bbox 1195 2380 1514 2390; x_wconf 91' lang='grc'><strong>........</strong></span> <span class='ocrx_word' id='word_1_145' title='bbox 1557 2357 1725 2387; x_wconf 84' lang='lat' dir='ltr'>senex</span> <span class='ocrx_word' id='word_1_146' title='bbox 1763 2357 1908 2399; x_wconf 86' lang='lat' dir='ltr'>quare</span> 
     </span>
     <span class='ocr_line' id='line_1_25' title="bbox 228 2402 1906 2460; baseline 0.001 -13"><span class='ocrx_word' id='word_1_147' title='bbox 228 2403 427 2459; x_wconf 76' lang='lat' dir='ltr'>parasiti</span> <span class='ocrx_word' id='word_1_148' title='bbox 449 2403 693 2460; x_wconf 91' lang='lat' dir='ltr'>Apollonis</span> <span class='ocrx_word' id='word_1_149' title='bbox 724 2403 775 2447; x_wconf 90' lang='lat' dir='ltr'>in</span> <span class='ocrx_word' id='word_1_150' title='bbox 806 2418 974 2448; x_wconf 88' lang='lat' dir='ltr'>scaena</span> <span class='ocrx_word' id='word_1_151' title='bbox 1006 2404 1238 2459; x_wconf 72' lang='lat' dir='ltr'>dictitent,</span> <span class='ocrx_word' id='word_1_152' title='bbox 1271 2417 1460 2447; x_wconf 87' lang='lat' dir='ltr'>causam</span> <span class='ocrx_word' id='word_1_153' title='bbox 1484 2402 1671 2446; x_wconf 88' lang='lat' dir='ltr'>Verrius</span> <span class='ocrx_word' id='word_1_154' title='bbox 1703 2402 1752 2446; x_wconf 90' lang='lat' dir='ltr'>in</span> <span class='ocrx_word' id='word_1_155' title='bbox 1782 2403 1812 2447; x_wconf 94' lang='grc'>1.</span> <span class='ocrx_word' id='word_1_156' title='bbox 1834 2403 1906 2460; x_wconf 64' lang='lat' dir='ltr'>V„</span> 
     </span>
     <span class='ocr_line' id='line_1_26' title="bbox 231 2461 1906 2520; baseline -0.001 -15"><span class='ocrx_word' id='word_1_157' title='bbox 231 2476 427 2517; x_wconf 88' lang='lat' dir='ltr'>quorum</span> <span class='ocrx_word' id='word_1_158' title='bbox 456 2462 607 2519; x_wconf 85' lang='lat' dir='ltr'>prima</span> <span class='ocrx_word' id='word_1_159' title='bbox 640 2465 711 2507; x_wconf 89' lang='grc'>881</span> <span class='ocrx_word' id='word_1_160' title='bbox 740 2463 777 2506; x_wconf 92' lang='grc' dir='ltr'>Ρ</span> <span class='ocrx_word' id='word_1_161' title='bbox 808 2463 981 2520; x_wconf 82' lang='grc'>1111818,</span> <span class='ocrx_word' id='word_1_162' title='bbox 1013 2463 1231 2507; x_wconf 84' lang='lat' dir='ltr'>reddidit.</span> <span class='ocrx_word' id='word_1_163' title='bbox 1283 2463 1408 2518; x_wconf 90' lang='lat' dir='ltr'>quod</span> <span class='ocrx_word' id='word_1_164' title='bbox 1432 2462 1478 2506; x_wconf 88' lang='lat' dir='ltr'>C.</span> <span class='ocrx_word' id='word_1_165' title='bbox 1502 2461 1706 2518; x_wconf 82' lang='lat' dir='ltr'>Sulpicio</span> <span class='ocrx_word' id='word_1_166' title='bbox 1732 2461 1777 2506; x_wconf 79' lang='lat' dir='ltr'>G.</span> <span class='ocrx_word' id='word_1_167' title='bbox 1800 2461 1906 2504; x_wconf 88' lang='lat' dir='ltr'>Ful-</span> 
     </span>
     <span class='ocr_line' id='line_1_27' title="bbox 231 2520 1908 2579; baseline 0 -16"><span class='ocrx_word' id='word_1_168' title='bbox 231 2521 308 2565; x_wconf 90' lang='lat' dir='ltr'>uio</span> <span class='ocrx_word' id='word_1_169' title='bbox 341 2535 447 2577; x_wconf 75' lang='lat' dir='ltr'>cos,</span> <span class='ocrx_word' id='word_1_170' title='bbox 479 2522 540 2566; x_wconf 93' lang='lat' dir='ltr'>M.</span> <span class='ocrx_word' id='word_1_171' title='bbox 568 2522 817 2579; x_wconf 91' lang='lat' dir='ltr'>Calpurnio</span> <span class='ocrx_word' id='word_1_172' title='bbox 841 2522 1010 2566; x_wconf 85' lang='lat' dir='ltr'>Pisone</span> <span class='ocrx_word' id='word_1_173' title='bbox 1040 2538 1107 2579; x_wconf 92' lang='lat' dir='ltr'>pr.</span> <span class='ocrx_word' id='word_1_174' title='bbox 1133 2523 1232 2567; x_wconf 91' lang='lat' dir='ltr'>urb.</span> <span class='ocrx_word' id='word_1_175' title='bbox 1258 2521 1460 2566; x_wconf 84' lang='lat' dir='ltr'>faciente</span> <span class='ocrx_word' id='word_1_176' title='bbox 1492 2520 1626 2565; x_wconf 91' lang='lat' dir='ltr'>ludos</span> <span class='ocrx_word' id='word_1_177' title='bbox 1659 2520 1814 2564; x_wconf 91' lang='lat' dir='ltr'>subito</span> <span class='ocrx_word' id='word_1_178' title='bbox 1847 2520 1908 2564; x_wconf 88' lang='lat' dir='ltr'>ad</span> 
     </span>
     <span class='ocr_line' id='line_1_28' title="bbox 233 2580 1908 2635; baseline 0 -12"><span class='ocrx_word' id='word_1_179' title='bbox 233 2594 361 2624; x_wconf 88' lang='lat' dir='ltr'>arma</span> <span class='ocrx_word' id='word_1_180' title='bbox 400 2580 598 2624; x_wconf 87' lang='lat' dir='ltr'>exierint</span> <span class='ocrx_word' id='word_1_181' title='bbox 634 2581 852 2625; x_wconf 88' lang='lat' dir='ltr'>nuntiato</span> <span class='ocrx_word' id='word_1_182' title='bbox 885 2582 1090 2626; x_wconf 90' lang='lat' dir='ltr'>aduentu</span> <span class='ocrx_word' id='word_1_183' title='bbox 1127 2580 1335 2626; x_wconf 83' lang='lat' dir='ltr'>hostiurn</span> <span class='ocrx_word' id='word_1_184' title='bbox 1366 2580 1658 2635; x_wconf 89' lang='lat' dir='ltr'>uictoresque</span> <span class='ocrx_word' id='word_1_185' title='bbox 1695 2580 1746 2623; x_wconf 92' lang='lat' dir='ltr'>in</span> <span class='ocrx_word' id='word_1_186' title='bbox 1775 2580 1908 2623; x_wconf 89' lang='lat' dir='ltr'>thea-</span> 
     </span>
     <span class='ocr_line' id='line_1_29' title="bbox 231 2638 1908 2697; baseline -0.001 -15"><span class='ocrx_word' id='word_1_187' title='bbox 231 2642 355 2682; x_wconf 87' lang='lat' dir='ltr'>trum</span> <span class='ocrx_word' id='word_1_188' title='bbox 384 2639 609 2684; x_wconf 89' lang='lat' dir='ltr'>redierint</span> <span class='ocrx_word' id='word_1_189' title='bbox 640 2640 853 2697; x_wconf 89' lang='lat' dir='ltr'>solliciti,</span> <span class='ocrx_word' id='word_1_190' title='bbox 891 2655 951 2684; x_wconf 94' lang='lat' dir='ltr'>ne</span> <span class='ocrx_word' id='word_1_191' title='bbox 981 2640 1236 2685; x_wconf 88' lang='lat' dir='ltr'>intermissi</span> <span class='ocrx_word' id='word_1_192' title='bbox 1268 2639 1543 2696; x_wconf 86' lang='lat' dir='ltr'>religionem</span> <span class='ocrx_word' id='word_1_193' title='bbox 1575 2639 1809 2683; x_wconf 89' lang='lat' dir='ltr'>adferrent</span> <span class='ocrx_word' id='word_1_194' title='bbox 1838 2638 1908 2681; x_wconf 91' lang='grc'>111-</span> 
     </span>
     <span class='ocr_line' id='line_1_30' title="bbox 233 2697 1908 2754; baseline -0.001 -13"><span class='ocrx_word' id='word_1_195' title='bbox 233 2698 566 2754; x_wconf 85' lang='lat' dir='ltr'>staurandique</span> <span class='ocrx_word' id='word_1_196' title='bbox 598 2702 772 2745; x_wconf 84' lang='lat' dir='ltr'>essent:</span> <span class='ocrx_word' id='word_1_197' title='bbox 809 2699 1053 2743; x_wconf 88' lang='lat' dir='ltr'>inuentum</span> <span class='ocrx_word' id='word_1_198' title='bbox 1085 2713 1183 2743; x_wconf 93' lang='lat' dir='ltr'>esse</span> <span class='ocrx_word' id='word_1_199' title='bbox 1214 2699 1283 2743; x_wconf 90' lang='lat' dir='ltr'>ibi</span> <span class='ocrx_word' id='word_1_200' title='bbox 1316 2698 1361 2743; x_wconf 91' lang='lat' dir='ltr'>C.</span> <span class='ocrx_word' id='word_1_201' title='bbox 1394 2697 1699 2754; x_wconf 90' lang='lat' dir='ltr'>Pomponium</span> <span class='ocrx_word' id='word_1_202' title='bbox 1729 2697 1908 2740; x_wconf 89' lang='lat' dir='ltr'>liberti-</span> 
     </span>
     <span class='ocr_line' id='line_1_31' title="bbox 230 2756 1907 2816; baseline -0.001 -17"><span class='ocrx_word' id='word_1_203' title='bbox 230 2772 341 2800; x_wconf 90' lang='lat' dir='ltr'>num</span> <span class='ocrx_word' id='word_1_204' title='bbox 377 2757 572 2801; x_wconf 91' lang='lat' dir='ltr'>mimum</span> <span class='ocrx_word' id='word_1_205' title='bbox 604 2773 775 2816; x_wconf 84' lang='lat' dir='ltr'>magno</span> <span class='ocrx_word' id='word_1_206' title='bbox 807 2761 943 2815; x_wconf 87' lang='lat' dir='ltr'>natu,</span> <span class='ocrx_word' id='word_1_207' title='bbox 984 2758 1065 2814; x_wconf 91' lang='lat' dir='ltr'>qui</span> <span class='ocrx_word' id='word_1_208' title='bbox 1104 2759 1166 2802; x_wconf 90' lang='lat' dir='ltr'>ad</span> <span class='ocrx_word' id='word_1_209' title='bbox 1202 2757 1446 2802; x_wconf 90' lang='lat' dir='ltr'>tibicinem</span> <span class='ocrx_word' id='word_1_210' title='bbox 1477 2757 1684 2801; x_wconf 85' lang='lat' dir='ltr'>saltaret.</span> <span class='ocrx_word' id='word_1_211' title='bbox 1746 2756 1907 2811; x_wconf 86' lang='lat' dir='ltr'>itaque</span> 
     </span>
     <span class='ocr_line' id='line_1_32' title="bbox 232 2815 1906 2875; baseline -0.001 -17"><span class='ocrx_word' id='word_1_212' title='bbox 232 2815 403 2872; x_wconf 87' lang='lat' dir='ltr'>gaudio</span> <span class='ocrx_word' id='word_1_213' title='bbox 439 2831 533 2860; x_wconf 88' lang='lat' dir='ltr'>non</span> <span class='ocrx_word' id='word_1_214' title='bbox 570 2817 859 2874; x_wconf 87' lang='lat' dir='ltr'>interruptae</span> <span class='ocrx_word' id='word_1_215' title='bbox 897 2817 1138 2875; x_wconf 83' lang='lat' dir='ltr'>religionis</span> <span class='ocrx_word' id='word_1_216' title='bbox 1171 2817 1347 2861; x_wconf 90' lang='lat' dir='ltr'>editam</span> <span class='ocrx_word' id='word_1_217' title='bbox 1377 2830 1540 2860; x_wconf 90' lang='lat' dir='ltr'>uocem</span> <span class='ocrx_word' id='word_1_218' title='bbox 1569 2830 1693 2860; x_wconf 90' lang='lat' dir='ltr'>nunc</span> <span class='ocrx_word' id='word_1_219' title='bbox 1723 2828 1906 2870; x_wconf 88' lang='lat' dir='ltr'>quoque</span> 
     </span>
     <span class='ocr_line' id='line_1_33' title="bbox 234 2872 1905 2932; baseline -0.002 -14"><span class='ocrx_word' id='word_1_220' title='bbox 234 2874 470 2918; x_wconf 85' lang='lat' dir='ltr'>celebrari.</span> <span class='ocrx_word' id='word_1_221' title='bbox 525 2878 575 2919; x_wconf 90' lang='lat' dir='ltr'>at</span> <span class='ocrx_word' id='word_1_222' title='bbox 604 2877 654 2919; x_wconf 92' lang='lat' dir='ltr'>in</span> <span class='ocrx_word' id='word_1_223' title='bbox 685 2877 773 2920; x_wconf 92' lang='lat' dir='ltr'>hoc</span> <span class='ocrx_word' id='word_1_224' title='bbox 803 2876 924 2920; x_wconf 89' lang='lat' dir='ltr'>libro</span> <span class='ocrx_word' id='word_1_225' title='bbox 955 2877 1097 2921; x_wconf 89' lang='lat' dir='ltr'>refert</span> <span class='ocrx_word' id='word_1_226' title='bbox 1121 2875 1253 2920; x_wconf 81' lang='lat' dir='ltr'>Sinni</span> <span class='ocrx_word' id='word_1_227' title='bbox 1277 2874 1516 2932; x_wconf 87' lang='lat' dir='ltr'>Capitonis</span> <span class='ocrx_word' id='word_1_228' title='bbox 1546 2875 1704 2930; x_wconf 80' lang='lat' dir='ltr'>uerba,</span> <span class='ocrx_word' id='word_1_229' title='bbox 1736 2872 1905 2928; x_wconf 88' lang='lat' dir='ltr'>quibus</span> 
     </span>
     <span class='ocr_line' id='line_1_34' title="bbox 234 2931 1908 2991; baseline -0.002 -13"><span class='ocrx_word' id='word_1_230' title='bbox 234 2948 312 2978; x_wconf 89' lang='lat' dir='ltr'>eos</span> <span class='ocrx_word' id='word_1_231' title='bbox 351 2934 485 2977; x_wconf 88' lang='lat' dir='ltr'>ludos</span> <span class='ocrx_word' id='word_1_232' title='bbox 524 2935 818 2991; x_wconf 88' lang='lat' dir='ltr'>Apollinares</span> <span class='ocrx_word' id='word_1_233' title='bbox 858 2935 1052 2980; x_wconf 86' lang='lat' dir='ltr'>Claudio</span> <span class='ocrx_word' id='word_1_234' title='bbox 1093 2937 1140 2979; x_wconf 90' lang='lat' dir='ltr'>et</span> <span class='ocrx_word' id='word_1_235' title='bbox 1177 2934 1343 2978; x_wconf 90' lang='lat' dir='ltr'>Fuluio</span> <span class='ocrx_word' id='word_1_236' title='bbox 1383 2948 1473 2978; x_wconf 82' lang='lat' dir='ltr'>cos,</span> <span class='ocrx_word' id='word_1_237' title='bbox 1509 2934 1658 2977; x_wconf 86' lang='lat' dir='ltr'>factos</span> <span class='ocrx_word' id='word_1_238' title='bbox 1699 2931 1814 2975; x_wconf 88' lang='lat' dir='ltr'>dicit</span> <span class='ocrx_word' id='word_1_239' title='bbox 1853 2945 1908 2975; x_wconf 87' lang='lat' dir='ltr'>ex</span> 
     </span>
    </p>
   </div>
  </div>
 </body>
</html>
