2060 3140
244 138 351 217 238
890 139 937 183 L.
968 138 1272 184 AFRANIVS

358 269 538 314 Nonius
572 275 642 326 76,
673 275 699 314 8
743 271 831 314 ‘ad
870 285 977 326 quo
1016 286 1099 328 pro
1138 272 1189 315 in
1227 274 1487 340 quantum?

360 372 481 414 aquo
515 359 634 402 F¹L

1056 441 1108 488 H
1651 480 1654 483 Α

1215 528 1342 563 caue
1379 529 1446 563 ne
1482 513 1734 583 pendeaS,

153 610 240 649 280
259 595 321 650 Si
355 597 473 649 fuas
512 597 569 649 in
608 597 934 666 quaestione.
1668 599 1674 605 ’

355 697 534 741 Nonius
562 703 660 755 111,
688 704 743 742 14
777 698 974 756 ‘fuam‚
1007 699 1095 743 sim
1125 700 1203 744 uel
1234 701 1344 746 fiam
1479 702 1700 746 Afranius
1732 703 1923 748 Promo:

239 757 371 800 caue’
399 770 437 801 e.
463 771 505 812 q.
533 772 567 801 s,

1039 855 1118 902 ΠΙ

237 980 248 990 .
286 955 384 1006 pro
423 937 670 990 manibus
709 938 864 991 credo
903 938 1099 992 habere
1138 958 1237 1010 ego
1276 939 1401 993 illos
1440 942 1815 1011 tentipellium.

353 1038 517 1082 Festus
547 1053 593 1095 p.
619 1042 704 1082 364
734 1038 796 1082 M.
833 1038 1246 1096 ‘tentipellium
1274 1040 1487 1084 Artorius
1522 1043 1662 1098 putat
1694 1055 1794 1086 esse
1826 1041 1922 1085 cal-

235 1097 517 1141 ciamentum
555 1097 799 1152 ferratum,
840 1112 931 1153 quo
969 1098 1115 1155 pelles
1155 1100 1488 1157 extenduntur,
1529 1100 1746 1156 idemque
1784 1100 1920 1145 Afra-

235 1156 367 1200 nium
398 1155 571 1200 dixisse
602 1155 653 1199 in
683 1157 871 1202 Promo:
903 1159 1005 1213 pro'
1035 1171 1072 1202 e.
1099 1173 1142 1214 q.
1169 1173 1203 1204 s,

360 1245 438 1289 Vel
466 1258 577 1288 nam
608 1247 656 1300 (s.
681 1245 779 1302 pol)
816 1259 900 1301 pro
931 1248 1001 1290 vel
1029 1260 1206 1303 proque
1236 1249 1372 1292 initio
1402 1262 1556 1292 versus
1584 1249 1727 1304 fuisse
1751 1254 1920 1306 potest3

234 1303 390 1347 hercle
421 1310 526 1349 ante
556 1304 729 1348 habere
760 1306 985 1355 inserebat
1016 1307 1220 1351 Kochius

948 1474 1163 1523 PROSA
1173 1474 1198 1524 ‘?

228 1660 283 1715 N
286 1680 354 1714 on
392 1665 510 1713 sum
548 1664 661 1713 tam
701 1661 1006 1732 crimin6sa,
1047 1680 1206 1731 quam
1246 1665 1328 1732 tu,
1367 1661 1574 1731 uipera:

232 1748 462 1802 Gannire
503 1750 569 1802 ad
607 1768 789 1803 aurem
826 1753 1120 1820 numquam
1161 1750 1321 1803 didici
1361 1750 1696 1803 dominicam.

343 1850 548 1895 Isidorus
573 1850 719 1896 differ.
745 1855 801 1895 86
836 1851 1105 1895 ‘criminans
1138 1853 1310 1908 aunem,
1343 1851 1424 1907 qui
1455 1852 1631 1896 crimen
1661 1852 1834 1897 inferat
1865 1855 1917 1897 ef,

227 1924 333 1954 cum
371 1910 632 1967 suspicione
671 1924 855 1966 quoque
893 1910 944 1954 id
982 1911 1148 1967 faciat,
1189 1925 1284 1966 qua
1321 1924 1370 1954 re
1409 1911 1513 1967 quis
1551 1911 1704 1969 magis
1743 1911 1931 1956 noxius.

226 1969 463 2026 uideatur,
503 1972 557 2013 ut
586 1969 806 2013 Afranius
845 1984 940 2014 non
976 1975 1097 2027 sum,
1137 1970 1313 2026 inquit,
1352 1971 1469 2014 ‘nam’
1498 1984 1535 2016 e.
1562 1985 1605 2027 q.
1632 1985 1666 2015 s,
1728 1971 1912 2015 Nonius

225 2033 327 2085 450,
361 2033 414 2072 11
459 2028 722 2085 ‘gannire
763 2043 869 2073 cum
908 2029 970 2073 sit
1006 2029 1192 2086 proprie
1231 2043 1399 2073 canum
1439 2066 1448 2074 .
1477 2066 1522 2074 ..
1565 2029 1910 2078 etiamehuma-

225 2102 335 2131 nam
365 2102 529 2132 uocem
567 2087 782 2132 nonnulli
819 2088 1068 2145 gannitum
1097 2091 1398 2133 uocauerunt.
1459 2088 1681 2132 Afranius
1712 2089 1909 2136 Prosa:

226 2147 474 2203 gannire·
498 2183 506 2191 .
527 2184 536 2192 .
557 2184 566 2192 .
600 2147 814 2192 didici)
877 2148 1067 2206 (Persa
1099 2148 1169 2193 ed.
1201 2163 1292 2205 pr.‚
1330 2147 1551 2205 probavit
1580 2147 1911 2194 Neukirchius'.

225 2207 375 2250 Rosa
404 2206 594 2264 Aldina)

1042 2303 1095 2350 II

227 2383 439 2438 Gallum
477 2390 722 2458 sagatum
730 2430 745 2459 ,
783 2387 975 2459 pingui
1012 2390 1226 2457 pastum
1264 2387 1420 2440 fiaxea

341 2487 545 2532 Isidorus
571 2487 695 2546 Orig.
717 2488 801 2532 XX
826 2493 866 2544 2,
892 2493 949 2532 24
976 2489 1171 2532 ‘taxea
1194 2487 1396 2531 lardum’
1424 2488 1641 2547 (‘lardus’
1668 2488 1907 2533 Wolfenb.

224 2546 403 2591 Monac.
430 2547 642 2591 German.
675 2552 772 2592 805.
807 2550 910 2604 806)
945 2548 1036 2591 ‘est
1067 2546 1246 2591 Gallice
1279 2547 1469 2592 dictum.
1525 2548 1658 2592 Vnde
1691 2550 1739 2592 et
1769 2547 1906 2592 Afra·

224 2604 328 2648 nius
359 2605 409 2649 in
439 2606 607 2652 Rosa:
639 2607 835 2664 gallum’
864 2620 901 2651 e.
929 2621 971 2662 q.
999 2621 1032 2651 s,
1066 2611 1251 2663 (prosa
1281 2606 1484 2664 Monac.)

342 2696 557 2751 sagatum
584 2695 670 2740 Gu.
697 2697 784 2752 ab,
816 2697 882 2740 ed.
901 2709 977 2752 pr.
1001 2695 1079 2752 II,
1112 2695 1338 2740 Arevalus
1369 2695 1639 2752 saginatum
1668 2701 1806 2740 antea

1021 2850 1099 2898 ΠΙ

135 2929 243 2980 2841
259 2934 528 2998 praeterea
605 2976 613 2984 .
692 2975 702 2984 .
781 2975 791 2984 .
868 2931 1057 3005 (reses)
