2060 3140
254 129 363 182 234
899 128 948 172 L.
978 126 1285 172 AFRANIVS

1051 267 1122 314 XI

428 395 438 404 .
514 352 643 404 noui
682 350 913 404 amicum
951 353 1110 420 atque
1151 350 1425 420 aequalem
1463 368 1654 403 meum.

367 452 546 497 Nonius
574 456 673 507 235,
701 456 755 495 29
783 451 1073 507 ‘aequales
1104 465 1287 495 rursum
1319 451 1547 508 aequaeui
1709 451 1930 496 Afranius

250 511 495 569 Priuigno:
526 510 656 555 noui’
685 524 722 555 e.
749 525 792 566 q.
819 524 853 554 S.

1042 636 1139 683 XII

511 761 521 771 .
600 738 760 789 quam
798 719 936 772 mihi
975 720 1047 772 sit
1083 689 1238 791 grata
1274 719 1421 772 illi'us
1461 719 1769 798 obsequella

363 820 543 864 Nonius
577 826 677 877 216,
711 827 737 865 2
772 820 1158 877 ‘obsequelam
1186 820 1411 865 feminino
1577 821 1799 866 Afranius
1830 822 1930 866 Pri-

246 879 410 937 uigno:
445 881 602 935 quam’
633 894 670 925 e.
697 895 740 937 q.
767 896 801 925 s,

364 968 618 1025 obsequela
651 987 686 1013 ω
719 969 1027 1026 obsequentia
1059 970 1256 1015 Bothius

1027 1125 1151 1172 XIII

242 1207 597 1261 Iucunditatis
636 1209 758 1278 phis
798 1209 939 1261 inest
977 1209 1033 1261 in
1072 1210 1126 1261 te
1163 1208 1299 1260 mihi

246 1296 415 1360 Quam
455 1298 823 1350 commercatis
862 1297 1161 1366 conquisite
1201 1296 1459 1349 edulibus,

360 1398 541 1442 Nonius
575 1404 644 1455 28,
670 1403 725 1442 29
761 1398 896 1456 ‘flagr
897 1398 1026 1442 iones
1059 1397 1175 1442 dicti
1207 1398 1342 1454 serui,
1379 1397 1505 1454 quod
1534 1398 1694 1465 flagris
1727 1398 1930 1443 subiecti

243 1459 371 1514 sunt,
418 1460 471 1501 ut
511 1458 789 1502 uerberones
829 1472 857 1502 a
841 1414 1179 1502 gruerberibus.
1250 1457 1471 1502 Afranius
1510 1457 1614 1515 Vop
1616 1457 1713 1502 isco
1761 1458 1928 1561 [IXXV]

242 1494 537 1574 Priuigno.
577 1516 902 1561 iucunditatis’
930 1531 968 1561 6.
994 1532 1037 1572 q.
1064 1531 1098 1561 s.
1161 1516 1420 1574 (Excidisse
1450 1516 1622 1561 lemma
1654 1518 1759 1562 edu
1794 1531 1849 1562 16
1882 1520 1930 1562 et

241 1575 426 1620 Afranii
455 1590 626 1620 nomen
656 1578 815 1620 monet
845 1577 1109 1633 Mercerus.)

363 1670 385 1708 1
419 1665 561 1723 inest]
595 1666 667 1709 est
699 1666 764 1710 W
870 1670 895 1708 2
928 1679 1022 1721 qua
1053 1665 1103 1708 in
1135 1665 1230 1710 Hl:
1260 1665 1312 1708 in
1335 1671 1442 1723 post
1471 1679 1614 1722 quam
1644 1666 1787 1711 inseri
1815 1679 1931 1723 opus

240 1724 818 1841 qae-{ifftsovfonsequste
849 1725 919 1782 W,
956 1727 1008 1770 in
1037 1738 1124 1782 quo
1156 1724 1457 1780 conquaesite
1490 1726 1598 1771 latet
1627 1726 1927 1802 (consequere

1025 1894 1144 1942 XIV

153 1989 238 2028 260
257 1977 402 2041 Quae
440 1978 612 2054 facere
650 1997 749 2031 nos
786 1979 1019 2032 solemus
1056 1980 1252 2032 festiu6
1293 1979 1399 2048 die,

259 2066 541 2120 Cotidiano
580 2067 712 2137 (tu)
751 2069 910 2137 opere
948 2068 1211 2138 promisce
1250 2067 1449 2120 omnia:

253 2154 440 2225 Aeque
476 2156 716 2225 profesto
757 2158 854 2224 <ac
892 2157 1067 2225 festo>
1106 2156 1444 2209 concelebras
1480 2155 1673 2209 focum.

356 2256 537 2301 Nonius
561 2261 662 2315 434,
681 2262 736 2302 16
769 2258 1034 2314 ‘profesti
1065 2259 1121 2301 et
1150 2256 1290 2302 festi
1322 2257 1442 2302 dies
1475 2256 1803 2301 discernuntur
1833 2257 1925 2302 sic:

239 2316 436 2373 profesti
468 2318 576 2360 sunt
608 2331 636 2360 a
666 2316 928 2361 festiuitate
959 2316 1111 2361 uacui.
1118 2317 1131 2339 ’
1188 2317 1353 2360 Festus
1384 2332 1429 2374 p.
1453 2322 1537 2361 229
1569 2316 1631 2362 Μ.
1659 2316 1925 2374 ‘profesti

240 2375 363 2420 dies
396 2403 452 2408 —
485 2403 540 2408 —
574 2375 804 2420 Caecilius
837 2403 892 2408 —
927 2403 980 2409 —
1012 2376 1071 2419 in
1101 2375 1397 2434 Priuigno:
1438 2390 1500 2420 66
1533 2410 1900 2421 .............

360 2469 383 2507 1
408 2464 520 2508 festi
543 2463 694 2522 (festis
719 2464 868 2522 H1P)
897 2464 1050 2509 facere
1073 2478 1158 2508 nos
1183 2464 1383 2508 solemus
1408 2481 1457 2520 ω,
1489 2465 1542 2508 iri
1564 2466 1727 2522 quibus
1750 2464 1921 2509 festiuo

238 2525 414 2569 Junius
451 2529 709 2582 aqnoverat.
770 2537 855 2567 nos
903 2523 1102 2568 solemus
1149 2523 1303 2567 facere
1340 2523 1511 2567 festino
1552 2524 1753 2582 Scaliyer
1798 2523 1919 2568 festo

238 2583 391 2627 facere
429 2596 524 2627 non
563 2582 763 2626 solemus
802 2597 887 2627 nos
924 2583 1240 2639 Hermannus,
1280 2584 1332 2627 in
1369 2584 1531 2639 quibus
1567 2582 1688 2627 festo
1721 2585 1926 2640 praeivit

238 2643 484 2688 Mercerus.
546 2641 667 2686 festo
698 2641 852 2696 facere
889 2656 974 2686 nos
1015 2642 1215 2686 solemus
1246 2641 1297 2684 in
1331 2642 1524 2686 Guietus
1663 2641 1775 2686 festi
1806 2644 1922 2687 loca-

238 2703 381 2746 tivum
410 2702 740 2758 interpretatur
763 2702 1025 2747 Huschkius
1054 2703 1171 2747 stud.
1197 2702 1326 2746 Rom.
1352 2702 1389 2744 I
1413 2705 1497 2745 235
1532 2700 1659 2758 (festi
1692 2737 1700 2746 .
1721 2738 1729 2745 .
1763 2701 1821 2745 de
1847 2700 1923 2745 die

238 2762 350 2805 corii.
378 2762 449 2817 x),
483 2766 721 2816 praeterea
749 2775 845 2804 non
876 2775 965 2818 pro
995 2775 1077 2805 nos
1116 2761 1255 2806 scribi
1287 2762 1465 2805 iuberis:
1504 2761 1624 2804 illud
1661 2761 1924 2805 credibilius

238 2825 365 2875 esset,
404 2821 446 2864 si
476 2820 530 2863 de
567 2821 649 2865 hoc
686 2821 846 2865 ordine
884 2833 1003 2875 quae
1037 2834 1132 2864 non
1164 2819 1363 2863 solemus
1395 2819 1549 2862 facere
1579 2818 1672 2863 nisi
1703 2818 1813 2863 festi
1845 2819 1921 2863 die

238 2883 459 2923 constaret
564 2884 590 2923 2
624 2878 884 2924 cottidiano
917 2879 961 2923 L
1064 2881 1118 2922 tu
1142 2879 1452 2935 Hermarcmes,
1485 2893 1567 2923 om.
1593 2895 1628 2922 ω
1730 2891 1921 2934 operare

236 2938 409 2982 mavult
445 2938 549 2983 Bue
697 2937 927 2995 promisce
964 2939 1129 2995 scripsi
1164 2937 1407 2994 promiscit
1452 2937 1718 2995 (primoscit
1749 2938 1803 2981 Η
1807 2937 1844 2994 ¹)
1885 2954 1921 2981 ω
