2060 3140
131 755 189 794 20

223 119 333 172 370
610 119 923 164 PVBLILIVS
956 119 1148 164 SYRVS
1209 119 1518 166 CATVLLVS

222 254 283 319 sit
312 254 553 319 scriptura.
673 252 978 319 carbunculas
1017 253 1148 335 Trap.
1183 252 1488 296 carbunculos
1521 254 1660 322 Berri.
1784 254 1906 321 scin-

221 311 349 355 tillet
378 311 590 368 probitas
622 324 646 354 e
679 310 972 354 carbunculis
998 311 1099 355 Bue
1222 315 1277 354 14
1307 311 1448 354 tollas
1481 326 1649 356 conieci
1747 318 1802 357 15
1833 329 1906 357 in-

223 371 364 414 duere
395 371 526 414 Leid.
559 369 778 413 inducere
810 387 845 426 φ
967 375 1022 413 16
1054 369 1180 414 111166
1211 370 1341 415 Leid.
1374 370 1483 414 111116
1515 371 1690 429 (1111166)
1720 389 1755 428 φ

1037 508 1089 556 II

223 591 361 655 Quid
399 593 526 662 ergo
566 592 623 644 in
661 595 847 644 uentre
885 593 1027 661 parti
1066 593 1338 645 sarabaras
1377 596 1471 645 tuo

224 680 606 750 Suspenderit‘?

337 781 541 825 Isidorus
567 780 680 838 orig.
698 781 804 824 XIX
827 786 883 825 23
904 782 1171 825 ‘sarabarae
1195 784 1304 826 sunt
1323 782 1448 825 fluxa
1470 796 1523 826 ac
1548 782 1737 827 sinuosa
1759 783 1905 828 uesti-

219 841 392 896 menta4
415 841 472 884 de
490 839 659 896 quibus
679 839 853 897 legitur
871 840 921 884 in
937 840 1132 886 Daniele
1152 878 1161 887 .
1181 878 1189 885 .
1212 878 1219 885 .
1240 843 1288 885 et
1308 839 1523 887 Publius:
1542 843 1595 885 ut
1611 841 1742 897 quid’
1762 856 1903 898 6118.

221 907 420 986 (11111111,
465 929 553 973 del.
586 929 703 985 upl,
744 943 968 986 suprascr.
997 944 1056 974 m.
1087 934 1112 972 2
1156 932 1178 973 1
1206 930 1463 986 plublius
1495 931 1618 975 Mon.
1663 931 1904 988 Puplius

219 989 474 1045 Wolfenb.)
522 988 767 1045 σαράβαρα
817 988 1096 1044 anaxyrides
1143 989 1362 1044 qualibus
1409 989 1577 1034 Persae
1624 991 1902 1036 utebantur:

220 1048 512 1104 Antiphanes
555 1047 605 1090 in
637 1046 820 1103 Scythis
861 1047 986 1103 apud
1025 1047 1141 1091 Poll.
1177 1053 1215 1103 7,
1242 1053 1312 1092 59.
1355 1053 1423 1103 10,
1451 1053 1548 1093 168.
1612 1049 1734 1106 Ergo
1776 1050 1902 1106 apud

222 1108 387 1164 Syrum
418 1119 602 1162 quoque
633 1106 801 1149 Persae
831 1106 989 1150 nescio
1021 1106 1151 1149 cuius
1182 1107 1352 1150 bracae
1383 1107 1525 1151 rideri
1556 1107 1788 1152 videntur.

341 1200 362 1238 1
396 1195 451 1237 ut
481 1192 595 1248 quid
627 1210 683 1238 co:
716 1195 857 1238 delevi
886 1196 940 1237 ut
971 1200 1232 1251 corruptum
1260 1196 1364 1250 fort.
1398 1210 1453 1239 ex
1485 1195 1554 1239 ait
1658 1196 1708 1239 in
1738 1199 1903 1241 uentre

218 1253 343 1310 parti
369 1252 615 1296 sarabaras
640 1254 721 1295 tuo
749 1254 914 1309 scripsi
943 1252 994 1295 in
1024 1255 1187 1297 uentre
1218 1255 1300 1297 tuo
1330 1254 1456 1310 parti
1480 1254 1655 1311 (parthi
1679 1256 1904 1310 Wolfenb.

218 1312 398 1369 parthis
424 1312 574 1368 Mori.)
596 1311 830 1355 *sarabara
862 1313 1081 1367 Wolfenb.
1111 1313 1258 1357 Germ.
1288 1313 1499 1358 German.
1532 1315 1621 1358 duo
1660 1313 1818 1370 parthi
1851 1313 1902 1358 111

220 1374 382 1415 uentre
405 1373 487 1414 tuo
514 1371 759 1414 sarabaras
785 1385 892 1414 suas
914 1371 1001 1415 Gu.
1022 1377 1044 1415 1
1077 1371 1128 1415 in
1158 1374 1321 1415 uentre
1352 1374 1434 1416 13110
1464 1372 1623 1429 parthi
1654 1373 1904 1417 sarabaras

221 1445 327 1474 suas
355 1431 443 1475 Gu.
470 1435 509 1473 2.
540 1434 566 1472 3
666 1435 690 1472 2
725 1430 1019 1486 suspenderit
1047 1433 1211 1487 scripsi
1241 1431 1567 1487 suspenderint
1594 1432 1740 1477 Germ.
1767 1437 1791 1476 1
1816 1438 1857 1477 et
1884 1432 1904 1475 i

219 1496 477 1546 suppumeta
511 1489 657 1533 Germ.
693 1493 717 1531 2
767 1490 1108 1545 suspenderunt
1146 1507 1181 1547 φ
1311 1491 1423 1546 quid
1463 1498 1603 1547 ergo?
1649 1491 1699 1534 in
1737 1493 1904 1536 uentre

218 1548 383 1592 Parthi
414 1549 498 1606 (vel
527 1547 691 1592 Parthi
722 1547 771 1590 in
802 1551 865 1605 u.)
898 1549 1142 1592 sarabaras
1174 1551 1255 1593 tuo
1289 1550 1627 1606 suspenderant
1659 1551 1760 1595 Bue

737 1779 1376 1851 OATVLLVS

857 1923 1255 1972 LAVREOLVS

1047 2028 1074 2075 I

327 2096 594 2165 Iuvenalis
645 2115 739 2165 sat.
780 2110 914 2165 VIII
966 2113 1067 2164 187
1125 2112 1471 2165 ‘Laureolum
1525 2114 1683 2166 uelox
1737 2115 1899 2166 etiam

223 2201 351 2253 bene
402 2200 663 2253 Lentulus
722 2201 833 2272 egit
886 2200 1066 2253 Iudice
1123 2219 1208 2254 me
1270 2201 1461 2272 dignus
1522 2220 1648 2254 uera
1709 2203 1900 2255 cruce?

217 2290 503 2343 scholiasta
541 2288 663 2342 ‘hoc
701 2290 819 2342 ideo
861 2290 986 2359 quia
1024 2290 1081 2341 in
1122 2290 1238 2359 ipso
1277 2290 1441 2342 mimo
1480 2289 1741 2343 Laureolo
1780 2292 1900 2361 figi-

217 2379 332 2430 tur'
381 2376 682 2449 (‘fingitur'
725 2377 983 2431 Dziatzko
1030 2397 1163 2431 mus.
1202 2377 1370 2430 Rhen.
1412 2379 1504 2448 31,
1545 2377 1676 2449 380)
1724 2379 1896 2432 ‘crux:

216 2467 356 2518 unde
405 2484 533 2518 uera
580 2484 733 2519 cruce
780 2466 973 2537 dignus
1024 2470 1103 2519 est
1147 2466 1428 2536 Lentulus,
1477 2467 1569 2536 qui
1614 2470 1763 2519 tanto
1812 2467 1897 2520 de-

217 2554 518 2607 testabilior
573 2558 674 2624 est,
735 2558 934 2623 quanto
995 2555 1187 2607 melius
1247 2558 1459 2626 gestum
1519 2554 1759 2607 imitatus
1817 2558 1900 2607 est

219 2643 530 2695 scaenicum.
592 2642 681 2694 hic
715 2642 974 2694 Lentulus
1011 2642 1209 2695 nobilis
1247 2643 1353 2695 fuit
1392 2647 1444 2695 et
1484 2643 1716 2712 suscepit
1753 2643 1895 2695 serui

218 2748 498 2798 personam
529 2731 585 2782 in
614 2731 816 2801 agendo
845 2731 1010 2783 mimo
1039 2734 1092 2783 61
1121 2731 1476 2800 deprehensus
1503 2732 1560 2784 in
1583 2732 1718 2783 falso
1750 2731 1894 2783 cruci

218 2819 356 2871 fixus
395 2820 507 2871 est.⁹
575 2818 832 2888 Iosephus
868 2819 1029 2887 antiq.
1062 2818 1190 2871 XIX
1225 2820 1271 2889 1,
1299 2820 1365 2871 13
1405 2830 1566 2889 μῖμος
1604 2819 1896 2887 εἰσάγεται,

218 2905 345 2959 καθ’
384 2906 448 2960 ὃν
488 2915 820 2978 σταυροῦται
859 2911 1074 2976 λῃστῶν
1112 2907 1341 2977 ἡγεμών.
