2060 3140
254 160 361 204 VIH
918 158 1258 204 PRAEFATIO

255 299 510 348 adsidente
545 299 597 346 in
627 299 906 363 theologeio
941 299 1057 348 Iove
1095 298 1226 347 inter
1254 298 1528 353 Minervam
1558 301 1609 347 et
1637 298 1925 347 Victoriam.

253 373 409 436 priori
446 372 612 421 versui
653 388 780 435 quae
828 371 1134 434 subscriptae
1174 374 1345 428 extant
1382 370 1515 421 TOR
1551 372 1745 420 litteras
1784 373 1826 421 si
1868 372 1925 419 li-

255 449 388 495 ceret
438 446 502 493 ad
555 446 884 508 supplendum
931 460 961 493 a
1007 444 1208 492 sinistra
1258 447 1399 507 parte
1451 446 1538 508 qui
1585 445 1790 494 Herculi
1843 446 1926 494 ad·

257 519 452 582 positus
492 521 568 567 est
605 519 849 582 adhibere,
888 518 1034 566 facile
1072 518 1324 582 integrum
1361 517 1501 567 fieret
1537 534 1848 581 responsum:

755 591 1015 655 Vltdrem‘?
1060 606 1222 654 virtus
1263 620 1297 654 e.
1323 622 1365 667 q.
1389 621 1427 655 s.

252 695 620 759 Argumentum
682 689 886 743 scaenae
946 694 1271 758 probabiliter
1324 694 1567 744 divinavit
1619 696 1925 744 Froehnerus

253 769 430 819 Philol.
472 768 644 831 Suppl.
675 769 722 816 V
762 770 847 817 25.
924 766 1084 817 Occisi
1130 768 1366 817 nimirum
1413 768 1474 816 ab
1518 768 1731 817 Hercule
1771 768 1925 832 Cycni

253 843 373 890 dum
402 842 645 891 ultionem
681 842 842 904 poscit
871 841 1003 890 Mars
1041 844 1197 906 pater,
1235 841 1495 905 litigantes
1532 842 1740 890 fulmine
1776 843 1925 891 misso

254 916 443 964 dirimit
486 916 714 978 Iuppiter
764 908 847 982 (cf.
890 918 1013 966 scut.
1051 915 1193 964 Herc.
1237 917 1342 964 327
1374 909 1518 982 sqq.).
1600 931 1729 978 quae
1774 916 1926 964 inter-

251 989 467 1052 pretatio
515 1006 628 1038 cum
675 989 885 1051 quadret
935 989 998 1037 ad
1047 989 1304 1053 amussim,
1360 989 1627 1038 dolendum
1673 1005 1788 1038 sane
1837 991 1925 1053 est,

253 1063 311 1112 de
350 1062 532 1111 Latina
577 1062 726 1110 huius
773 1063 1055 1126 argumenti
1099 1062 1358 1127 tragoedia
1401 1062 1670 1126 vestigium
1713 1063 1927 1111 alterum

255 1153 354 1186 non
395 1139 574 1185 extare.
643 1136 968 1199 Aeschyleam
1009 1136 1209 1199 quidem
1246 1152 1508 1198 personam
1540 1136 1760 1198 Cycnum
1798 1138 1926 1185 teste

252 1210 587 1272 Aristophane
625 1225 728 1258 ran.
764 1211 868 1259 963
908 1210 1159 1274 novimus,
1210 1212 1260 1258 et
1297 1212 1514 1259 veterem
1552 1212 1752 1272 poetam
1789 1210 1927 1258 Lati-

254 1300 375 1331 num
416 1286 636 1348 arguunt
675 1283 878 1346 spondei
915 1283 1119 1346 paribus
1159 1283 1354 1332 sedibus
1394 1283 1609 1332 admissi.

365 1355 583 1406 Omissas
613 1357 777 1406 nescio
810 1373 874 1405 an
904 1357 1066 1405 futuri
1098 1357 1197 1406 sint
1229 1357 1316 1420 qui
1348 1359 1622 1420 querantur
1653 1356 1766 1418 Syri
1798 1372 1925 1419 quae

251 1431 482 1484 feruntur
521 1431 804 1480 sententias.
882 1431 966 1479 sed
1002 1431 1134 1480 hunc
1173 1447 1350 1495 agrum
1387 1447 1515 1481 novo
1555 1431 1811 1480 conamine
1850 1446 1924 1478 re-

248 1505 534 1567 pastinandi
581 1520 731 1553 causa
777 1505 917 1552 nulla
962 1504 1070 1554 visa
1115 1507 1202 1554 est.
1288 1505 1459 1568 itaque
1505 1504 1725 1553 laborem
1776 1520 1926 1566 quem

247 1578 442 1627 iuvenis
473 1578 657 1627 umeris
689 1578 1007 1628 debilioribus
1038 1577 1250 1642 inposui,
1291 1581 1400 1626 tum
1430 1578 1614 1642 viginti
1647 1577 1748 1626 fere
1782 1577 1924 1625 annis

251 1652 494 1701 maturior
538 1652 702 1701 factus
748 1652 931 1700 iterum
977 1652 1213 1715 sustinui,
1263 1652 1364 1700 iam
1408 1652 1518 1714 pari
1565 1651 1726 1714 spatio
1773 1650 1924 1699 inter-

249 1725 398 1774 misso
441 1742 585 1775 senex
622 1726 794 1775 futuro
836 1727 1053 1790 saeculo,
1101 1726 1143 1773 si
1187 1726 1264 1774 his
1307 1726 1359 1773 in
1399 1725 1684 1788 quisquiliis
1724 1740 1923 1787 operam

259 1814 544 1848 consumere
584 1799 735 1848 etiam
773 1799 980 1863 iuvabit,
1018 1801 1180 1848 laetus
1218 1799 1520 1848 transmitto.

364 1903 558 1952 Dabam
595 1903 774 1952 ultimo
815 1902 892 1951 die
933 1903 1051 1951 anni
1088 1901 1642 1951 MDCCCLXXXXVII.
