2060 3140
12 2474 34 2685 ‘⁰va-I135-J·
12 2425 23 2463 <rr
21 2368 23 2370 .

767 118 818 165 L.
846 87 1151 163 AFRAmvs
1690 119 1800 173 265

879 258 1043 306 XXVI

233 340 443 395 Nonius
477 361 526 411 p.
551 341 675 413 557,
704 342 774 395 14
812 343 869 395 in
900 346 1137 396 extremo
1168 343 1323 412 libro,
1362 343 1420 396 in
1451 342 1641 413 capitis
1671 342 1801 396 XIX

123 430 207 482 ‘de
237 430 658 499 propinquitate’
683 431 830 484 exitu
860 435 985 500 post
1015 432 1278 501 explicata
1306 432 1524 484 nomina
1548 431 1802 485 ‘caesares

124 518 376 589 agrippae
414 518 665 587 uopiscus
701 518 821 590 glos
860 519 997 572 leuir
1034 520 1251 572 fratriae
1289 519 1499 572 amitini
1535 520 1803 589 patrueles

123 606 448 660 consobrini'
481 606 612 660 haec
643 608 811 661 addit:
852 608 935 661 ‘de
968 608 1163 678 quibus
1201 609 1442 678 exempla
1475 609 1646 661 multa
1677 611 1804 660 sunt

122 695 179 747 in
218 695 454 764 antiquis
491 695 801 749 auctoribus
839 699 892 749 et
936 697 1168 750 maxime
1213 698 1270 749 in
1307 695 1532 750 Afranio
1572 700 1626 749 et
1670 696 1803 749 iuris

121 784 500 836 uetustissimis
531 784 916 854 scriptoribus?
973 784 1050 838 Of.
1074 784 1286 838 Afranii
1316 784 1647 856 Oonsobrini,
1677 784 1801 837 Fra-

124 873 271 942 triae,
309 872 643 943 Materterae,
681 871 880 942 Mariti,
917 872 1222 944 Priuignus,
1262 872 1496 943 SororeS,
1523 873 1801 943 Vopiscus.

866 1009 1057 1057 XXVII

233 1091 434 1146 Marius
457 1091 769 1147 Victorinus
800 1093 856 1146 in
890 1091 1026 1146 OGL
1049 1092 1128 1147 VI
1162 1094 1231 1146 79
1263 1094 1329 1147 K.
1368 1094 1532 1169 ‘quod
1569 1111 1698 1146 uero
1737 1093 1804 1145 ad

123 1181 464 1251 clausulaS,
495 1181 550 1234 id
582 1184 662 1234 est
685 1182 983 1234 minuscula
1007 1182 1137 1253 cola,
1167 1183 1417 1253 pertinet,
1448 1185 1580 1253 quot
1609 1199 1804 1253 genera

121 1289 374 1324 uersuum
419 1273 570 1340 sunt,
621 1270 846 1323 totidem
893 1289 1078 1323 eorum
1122 1271 1363 1324 membra
1410 1290 1508 1341 pro
1555 1269 1806 1324 clausulis

2 1393 17 1428 ‚=
123 1359 254 1429 poni
299 1362 547 1429 possunt,
594 1362 647 1411 et
689 1358 863 1412 solent
908 1359 964 1412 in
1003 1360 1272 1413 canticis
1310 1361 1482 1431 magis
1521 1378 1681 1429 quam
1721 1359 1805 1411 de-

122 1448 346 1517 uerbiiS,
392 1465 527 1516 quae
565 1465 630 1500 ex
675 1447 922 1500 trimetro
968 1448 1139 1519 magis
1187 1448 1507 1518 subsistunt,
1553 1447 1803 1501 collocari

124 1540 178 1589 et
222 1536 505 1606 praecipue
547 1535 688 1605 apud
724 1535 978 1588 Plautum
1018 1540 1071 1589 et
1107 1535 1375 1591 Naeuium
1414 1541 1468 1590 et
1504 1535 1802 1590 Afranium.

122 1643 247 1678 nam
282 1625 341 1677 hi
371 1624 601 1677 maxime
634 1642 698 1677 ex
730 1624 978 1677 omnibus
1016 1625 1270 1678 membris
1301 1644 1554 1678 uersuum
1584 1625 1804 1694 <uelut>

0 1711 22 1763 ξ’
123 1714 256 1767 colis
314 1713 380 1766 ab
448 1712 534 1765 his
600 1713 858 1782 separatis
924 1714 1146 1767 licenter
1205 1715 1289 1767 usi
1349 1714 1688 1784 reperiuntur
1746 1713 1804 1765 in

3 1791 21 1838 ³-
124 1802 411 1855 clausulis?

242 1917 272 1946 u
283 1916 307 1947 e
316 1902 333 1945 l
342 1917 372 1946 11
382 1904 403 1946 t
439 1901 636 1946 inseruit
673 1902 853 1946 Keilius

469 2056 744 2106 INGERTI
780 2054 1063 2105 NOMINIS
1102 2055 1464 2113 RELIQVIAE

946 2159 979 2206 -I

238 2242 435 2298 Seneca
466 2243 618 2314 epist.
653 2244 738 2314 89,
769 2244 798 2295 7
841 2243 1122 2313 ‘sapientia
1160 2245 1242 2295 est
1279 2261 1439 2311 quam
1473 2239 1660 2294 Graeci
1699 2254 1807 2294 σο-

126 2336 287 2402 φίαν
331 2335 540 2385 uocant.
616 2331 718 2385 hoc
762 2331 928 2384 uerbo
971 2330 1201 2384 Romani
1248 2348 1459 2399 quoque
1504 2329 1807 2399 utebantur,

127 2421 265 2474 sicut
294 2420 636 2490 philosophia
658 2438 800 2473 nunc
825 2438 1036 2489 quoque
1059 2422 1306 2472 utuntur:
1339 2418 1482 2487 quod
1509 2421 1563 2470 et
1593 2420 1806 2488 togatae

126 2508 229 2561 tibi
268 2509 517 2578 antiquae
554 2508 863 2578 probabunt
901 2512 954 2561 et
996 2508 1282 2577 inscriptus
1320 2505 1585 2559 Dossenni
1623 2523 1809 2558 monu-

126 2601 308 2650 mento
347 2596 573 2650 titulus?
637 2595 715 2650 cf.
746 2595 1003 2648 Afranius
1035 2597 1157 2648 299.

943 2733 994 2780 II

241 2816 457 2871 Servius
495 2817 628 2871 Dan.
667 2817 724 2870 in
762 2816 922 2887 Verg.
961 2815 1092 2868 Aen.
1130 2814 1209 2868 XI
1251 2815 1356 2867 160
1395 2815 1622 2867 ‘ueteres
1664 2813 1806 2867 enim

131 2905 361 2958 uiuendo
423 2904 634 2957 uincere
688 2903 934 2956 dicebant
994 2903 1334 2972 superuiuere
1393 2945 1402 2955 .
1451 2945 1462 2955 .
1509 2945 1519 2955 .
1577 2920 1700 2954 nam
1755 2905 1809 2954 et
