2060 3140
238 121 342 174 102
781 119 1009 164 SEXTVS
1041 118 1356 164 TVRPlLIVS

1017 257 1117 306 VH

146 336 151 342 ¹
233 342 346 397 Nec
384 344 525 395 recte
565 342 668 395 dici
706 341 842 394 mshi
881 360 1015 411 quae
1053 341 1160 394 iam
1200 338 1399 394 dudum
1438 341 1607 395 audio.

146 1121 202 1160 25

351 444 514 487 Festus
543 459 587 500 p.
616 448 699 486 162
727 443 788 486 M.
826 443 949 486 ‘nec
981 441 1354 486 coniunctionem
1383 441 1677 498 gramatici
1708 441 1803 486 fere
1836 440 1905 484 di-

235 504 347 546 cunt
377 515 477 545 esse
509 500 860 557 disiunctiuam,
892 503 945 544 ut
974 514 1060 544 nec
1090 500 1208 557 legit
1238 514 1324 544 nec
1356 499 1538 557 scribit,
1571 515 1696 556 cum,
1730 500 1770 544 si
1801 499 1907 543 dili-

235 560 420 617 gentius
466 559 760 617 inspiciatur,
808 562 862 603 ut
898 559 1013 604 fecit
1051 558 1238 604 Sinnius
1278 558 1464 616 Capito,
1503 558 1717 617 intellegi
1757 558 1908 616 possit

235 633 339 663 eam
374 618 579 676 positam
617 632 717 663 esse
758 619 816 662 ab
858 618 1063 674 antiquis
1101 632 1185 675 pro
1224 632 1319 662 non
1350 645 1406 650 —
1437 645 1494 650 —
1527 618 1651 675 apud
1688 618 1909 662 Plautum

233 677 284 721 in
306 678 544 724 Fasmate:
575 691 661 722 nec
684 679 809 721 recte
835 677 875 721 si
898 677 971 720 illi
996 676 1185 721 dixeris’
1221 679 1269 720 et
1292 675 1554 733 Turpilium
1576 676 1626 720 in
1649 676 1905 722 Demetrio:

233 738 337 780 nec’
372 750 410 780 e.
443 751 486 792 q.
521 751 554 781 s.
616 736 789 780 Paulus
820 752 866 793 p.
903 741 983 780 163
1015 737 1076 781 M.
1114 737 1239 780 ‘nec
1273 773 1280 780 .
1309 771 1317 780 .
1346 772 1354 780 .
1386 735 1576 792 ponitur
1608 738 1655 780 et
1685 750 1768 793 pro
1799 750 1906 780 non.
1959 785 1962 787 ,

234 795 495 852 Turpilius:
527 797 630 840 nec'
666 809 705 840 e.
739 810 781 851 q.
815 811 849 840 s,

351 897 471 939 quae
504 884 566 928 H.
602 885 783 929 Keilius
813 897 902 940 que
933 885 1027 928 cod.
1062 883 1203 940 Festi,
1235 897 1318 928 om.
1351 883 1529 928 Paulus

234 1106 413 1159 Etiam
452 1125 537 1159 me
576 1107 778 1176 irrideS,
815 1107 1042 1176 pessime
1082 1125 1142 1159 ac
1181 1106 1497 1159 sacerrime?

351 1207 531 1252 Nonius
564 1213 663 1264 397,
697 1212 752 1251 28
788 1209 1033 1252 ‘sacrum
1077 1207 1220 1251 etiam
1251 1207 1498 1251 scelestum
1529 1209 1576 1251 et
1607 1207 1908 1264 detestabile3

234 1266 303 1310 ita
335 1269 382 1310 et
412 1269 734 1311 consecratum
767 1303 775 1311 .
803 1303 812 1311 .
839 1303 847 1311 .
876 1267 904 1311 .'
1669 1266 1671 1268 ’

353 1354 496 1399 etiam
520 1338 643 1412 (post
664 1354 944 1412 Demetrius)
968 1355 1014 1398 B
1028 1355 1203 1399 GH1L
1227 1355 1309 1398 sed
1342 1354 1438 1398 iam
1462 1355 1519 1399 H
1527 1354 1543 1380 ²
1559 1355 1623 1399 W
1648 1357 1717 1399 set
1748 1354 1843 1399 iam
1873 1373 1908 1413 φ

322 1413 486 1458 irrides
518 1416 713 1460 Bothius
743 1414 940 1458 irridens
973 1432 1007 1457 ω
1769 1456 1772 1459 «

233 1621 305 1675 ‘N
306 1640 391 1673 am
430 1622 474 1674 si
511 1621 667 1674 sceris
705 1641 790 1675 me
827 1623 1072 1692 posthac,
1112 1623 1292 1675 credas
1330 1622 1466 1675 mihi
1504 1622 1686 1675 uelim’

231 1708 436 1779 Inqm't,
475 1710 603 1779 quid
641 1711 857 1763 censes?
897 1742 966 1748 —
1006 1710 1142 1763 Tum
1182 1711 1384 1763 dolebit
1422 1710 1639 1763 scilicet.

348 1810 528 1855 Nonius
563 1815 668 1867 124,
703 1816 755 1855 11
800 1810 930 1855 ‘icit
976 1804 1210 1868 significat
1254 1811 1477 1867 percutit,
1526 1812 1585 1855 ab
1629 1811 1726 1855 ictu
1767 1812 1906 1855 ....’

232 1869 387 1913 Plauti
420 1869 630 1914 Stichum
661 1885 703 1914 v.
737 1874 822 1914 345
855 1869 1123 1927 comparavi
1155 1870 1312 1915 coroll.
1345 1870 1549 1914 XXXIII.

351 1963 375 2001 1
407 1972 518 2002 nam
548 1959 644 2003 edd.
676 1972 849 2002 nanam
879 1976 914 2003 ω
1028 1964 1054 2002 2
1087 1958 1200 2014 quid
1232 1965 1421 2004 censes?
1451 1960 1551 2002 tum
1584 1959 1778 2003 Bothius
1808 1960 1910 2002 tum

234 2017 347 2072 quid
379 2031 536 2061 censes
569 2034 603 2061 ω

1047 2113 1092 2160 Χ

235 2195 412 2249 Homo
451 2196 609 2249 unica
647 2200 727 2249 est
763 2199 955 2249 natura
994 2214 1053 2248 ac
1092 2196 1397 2266 singularia.

351 2297 530 2342 Nonius
561 2302 663 2353 491,
698 2302 720 2340 1
757 2296 1106 2354 ‘singularia
1136 2310 1219 2353 pro
1253 2295 1510 2353 singulari.’

1034 2436 1105 2483 XI

234 2518 370 2571 Vide
408 2519 605 2572 mirum
643 2520 917 2590 ingenium
956 2538 1015 2571 ac
1055 2519 1381 2572 delenificam
1421 2518 1723 2572 mulierem:

148 2620 204 2659 30

239 2605 544 2660 Commorat
581 2608 852 2661 hominem
889 2608 1134 2662 lacrimis,

269 2765 286 2808 1
352 2707 530 2809 lionius
570 2712 677 2765 278,
712 2713 734 2751 1
780 2709 793 2730 ‘
807 2708 1117 2765 delenitus,
1166 2708 1226 2752 ad
1270 2709 1478 2752 nostram
1526 2707 1908 2752 consuetudinem

236 2780 268 2822 p
290 2779 374 2809 aca
396 2781 462 2810 us.

236 2912 282 2956 B
311 2858 378 2957 thl
413 2853 704 2899 delenificam
733 2857 830 2901 edd.
880 2855 1122 2900 delenifica
1154 2873 1188 2899 ω
1338 2854 1631 2899 delenificum
1661 2854 1905 2899 mulierum

285 2926 310 2957 o
359 2926 432 2957 aus
