2060 3140
668 127 894 174 SEXTVS
925 128 1242 173 TVBPILIVS
1584 130 1588 134 ”
1688 128 1794 181 123

920 269 992 316 IX

116 355 192 408 Vl:
230 354 320 407 ille
358 353 459 406 hac
497 371 609 406 sese
649 352 962 422 abstineret,
1002 370 1101 424 ego
1140 353 1538 422 supersederem
1574 352 1792 423 nuptiis.

233 454 414 499 Nonius
445 459 517 509 40,
552 458 576 497 7
613 454 1028 510 ‘super-sedere,
1067 467 1276 507 manere,
1306 467 1624 511 perseuerare,
1656 454 1793 510 quasi

115 514 166 558 in
199 513 444 558 uolunlzaize
476 514 524 556 et
555 511 750 557 consilio
784 512 946 557 sidere.
993 512 1230 570 Turpilius
1261 513 1426 558 Pedio:
1458 514 1528 558 ut’
1563 527 1600 558 e.
1626 527 1669 570 q.
1697 529 1731 557 s.

116 573 329 617 ‘Plautus
367 571 587 629 Epidico:
627 572 875 628 Supersede
914 571 1018 616 istis
1057 572 1195 616 rebus
1233 572 1330 616 iam
1363 609 1371 617 .
1400 608 1408 616 .
1436 608 1444 616 .
1478 571 1674 617 Sisenna
1708 610 1716 617 .
1744 610 1753 618 .
1782 609 1790 616 .

110 631 327 734 prffioqui
359 631 749 688 supersederunt?
812 631 948 675 Vana
987 631 1151 676 docere
1190 631 1398 675 Nonium
1431 631 1613 676 monuit
1644 631 1792 676 Grau-

112 693 162 736 to
218 705 284 734 us.

230 779 339 838 hac]
373 793 427 823 ac
459 780 516 823 H
928 844 974 891 X

107 928 341 999 Nuptias
380 928 570 999 abieci,
608 928 806 981 amicos
845 930 970 980 litor
1006 927 1257 996 primoris
1295 929 1455 981 uiros,

227 1029 406 1074 Nonius
437 1033 538 1085 497,
572 1033 627 1073 15
662 1029 1059 1073 ‘accusatiuus
1098 1016 1289 1085 positus
1318 1043 1401 1086 pro
1443 1029 1655 1075 ablatiuo
1689 1066 1698 1074 .
1736 1068 1743 1076 .

107 1088 344 1146 Turpilius
375 1087 589 1145 Epiclero
623 1123 631 1132 .
660 1125 669 1133 .
697 1125 706 1133 .
739 1087 865 1132 idem
895 1089 1060 1135 Pedio:
1093 1088 1301 1146 nuptias'
1338 1102 1375 1132 e.
1409 1103 1452 1144 q.
1487 1104 1521 1133 S.

225 1176 459 1236 primoris]
491 1179 549 1233 cf.
582 1178 911 1223 Lachmannus
940 1178 993 1222 in
1025 1177 1164 1222 Lucr.
1199 1181 1255 1221 57

915 1302 987 1350 XI

35 1443 39 1446 ,
108 1384 283 1449 Quare
331 1387 442 1439 esse
490 1387 631 1440 dicat
682 1387 966 1457 quisquam
1003 1386 1158 1440 illum
1195 1386 1469 1440 hominem
1509 1391 1601 1441 aut
1641 1388 1790 1458 quid-

992 1494 1153 1546 quam
1192 1475 1365 1528 facere
1402 1475 1728 1530 humanitus».
1794 1490 1878 1530 165

227 1575 408 1620 Nonius
435 1581 534 1633 514,
554 1582 608 1621 15
644 1576 1023 1621 ‘humaniten’
1058 1576 1216 1635 (immo
1248 1577 1599 1634 humanitus,
1630 1582 1685 1623 ut
1716 1579 1787 1624 ed.

110 1634 276 1694 princ.)
340 1635 593 1692 ‘Turpilius
624 1635 790 1681 Pedio:
823 1636 983 1692 quare'
1018 1649 1056 1680 e.
1081 1650 1123 1692 q.
1159 1651 1193 1681 s.
1259 1635 1462 1680 ‘Cassius
1494 1637 1692 1683 Hemina
1718 1675 1726 1683 .
1749 1676 1787 1684 ..

106 1693 396 1738 humanitus’
431 1695 759 1751 (‘humanit’
793 1695 975 1752 Bamb.)
1009 1696 1242 1752 ‘aguntum
1297 1695 1518 1740 Afranius
1553 1733 1561 1741 .
1589 1734 1598 1742 .
1627 1734 1635 1741 .
1669 1697 1787 1742 ferre

104 1752 311 1797 humana
342 1754 645 1798 humanitus!

225 1841 354 1886 dicas
386 1843 454 1887 L¹
485 1842 590 1887 dica
622 1844 668 1887 P
782 1842 1053 1887 humanitus
1083 1843 1162 1888 Ba
1191 1843 1458 1888 humaniter
1488 1861 1523 1901 φ

898 1969 995 2016 ΧΠ

109 2093 376 2104 ......
415 2069 512 2123 age
551 2056 612 2105 tu
651 2052 1003 2121 hymenaeum
1042 2051 1277 2121 increpa!

222 2151 402 2197 Nonius
435 2157 535 2209 255,
568 2157 624 2197 23
661 2154 920 2211 ‘crepare
951 2152 1124 2197 iterum
1153 2152 1429 2197 incantare?

180 2271 182 2273 >
223 2242 277 2284 tu
310 2241 681 2312 om3BGH¹P
794 2241 981 2298 increpe
1013 2242 1087 2285 Η1

720 2395 1167 2444 PARATERVSA

221 2491 584 2548 speculatricem
615 2492 777 2536 audire
808 2491 1020 2536 videmur
1050 2491 1102 2538 fr.
1129 2491 1193 2535 IV
1225 2493 1272 2536 et
1302 2491 1358 2537 V.

933 2603 958 2650 I

105 2683 240 2738 Cum
278 2686 501 2739 antehac
538 2686 786 2739 uidebam
825 2687 965 2739 stare
1003 2686 1174 2739 tristis
1182 2729 1196 2755 7
1234 2685 1450 2749 turbido

101 2772 295 2844 Vultu,
334 2774 610 2827 subductis
649 2778 769 2828 cum
808 2773 1107 2844 superciliis
1145 2793 1295 2828 senes

219 2874 399 2919 Nonius
424 2880 524 2932 399,
549 2879 605 2919 28
637 2875 976 2919 ‘subducere
1009 2874 1152 2919 etiam
1184 2890 1342 2920 susum
1373 2876 1554 2932 ducere,
1586 2875 1779 2921 leuare.’

103 2933 464 2989 (paratelusa
495 2933 607 2979 Gen.
640 2934 992 2991 Harl.¹·Leid.¹)
