2060 3140
225 131 330 184 134
506 130 588 174 EX
617 129 890 175 INCERTIS
921 127 1323 174 INCERTORVM
1352 128 1603 173 FABVLIS

337 262 419 307 hui
436 263 761 308 Lachmannas
776 262 913 307 Lacr.
932 276 980 319 p.
1000 266 1101 317 311,
1125 262 1204 318 qui
1225 262 1471 317 septenarii
1495 262 1679 307 iambici
1701 262 1894 307 alteram

221 323 461 368 dimidium
490 323 685 380 ayriovit.
733 320 841 363 huie
873 338 928 377 ω,
961 322 1101 365 deleri
1129 321 1238 365 vult.
1258 320 1522 378 Spenyelias
1700 319 1893 365 uidesne

220 382 336 426 haec
367 383 429 427 ad
467 381 685 426 Varronis
714 381 847 424 verba
877 380 1020 424 trahit
1049 378 1316 436 Spenyelius

992 487 1116 535 VIII

133 587 187 626 15
221 573 472 644 Sponden
509 576 656 625 tuam
694 575 914 643 gnatam
951 569 1069 624 fssio
1110 572 1332 624 uxorem
1370 572 1525 624 meo‘?

335 673 481 717 Varro
526 673 583 716 de
621 672 652 716 l.
684 672 715 717 1.
747 672 812 716 VI
852 676 907 716 70
956 671 1375 728 ‘spondebatur
1419 671 1618 728 pecunia
1665 676 1748 718 aut
1795 674 1894 719 filia

217 731 486 789 nuptiarum
531 745 673 775 causa
705 767 714 777 .
742 765 751 776 .
779 767 787 775 .
819 745 929 774 nam
974 734 1035 775 ut
1079 730 1136 774 in
1182 730 1495 775 comoediis
1543 730 1705 776 uides
1753 732 1891 778 dici:

218 791 493 847 sponden’
529 803 566 835 e.
600 805 643 846 q.
677 804 711 835 s.
763 789 830 835 Cf.
862 789 1186 834 Lachmannus
1217 789 1290 833 Kl.
1325 789 1449 834 Schr.
1486 794 1585 846 174,
1618 791 1892 848 Spengelius

218 850 274 893 de
307 850 483 894 emend.
501 849 708 894 Varrone
739 864 783 906 p.
810 854 880 905 31,
913 848 1050 892 Thilo
1082 863 1187 894 ann.
1211 847 1392 905 philoll.
1421 852 1534 893 1855
1566 864 1610 905 p.
1638 855 1737 895 529.
1786 851 1894 894 Non

217 908 332 953 satis
362 908 668 966 probabiliter
691 907 916 952 Dziatzko
942 922 1048 953 ann.
1072 907 1253 965 philoll.
1281 912 1395 951 1876
1419 923 1462 964 p.
1490 912 1574 951 238
1599 908 1755 965 ipsum
1777 909 1892 953 Var-

215 981 374 1011 ronem
405 966 540 1023 quasi
571 966 842 1011 sollemnem
874 967 925 1010 in
960 966 1211 1011 comoediis
1242 966 1492 1010 formulam
1522 980 1658 1011 versu
1691 968 1893 1013 adstrin-

217 1025 338 1070 xisse
372 1025 644 1082 suspicatur.

334 1115 542 1171 sponden
573 1117 606 1159 t.
638 1117 832 1172 gnatam
863 1115 1191 1160 Rholandellus
1223 1113 1400 1170 sponde
1432 1116 1466 1159 t.
1499 1116 1723 1171 agnatam
1753 1132 1788 1158 ω

1020 1239 1091 1286 IX

365 1321 678 1376 Ammianus
732 1322 1074 1375 Marcellinus
1127 1321 1364 1376 XXVIII
1416 1322 1474 1392 4,
1521 1323 1591 1375 27
1648 1323 1893 1393 ‘cumque

214 1414 461 1464 mutuum
500 1411 581 1464 illi
620 1411 749 1481 quid
778 1414 983 1482 petunt,
1022 1415 1314 1465 soccatos
1353 1414 1406 1464 et
1437 1411 1537 1483 (sic
1567 1411 1893 1464 Ritschelius

216 1517 392 1569 opusc.
424 1498 505 1552 III
544 1500 668 1569 319,
710 1498 1095 1553 CFWMueller
1133 1518 1251 1552 ann.
1280 1499 1486 1569 philon.
1523 1500 1663 1553 1873
1701 1519 1752 1569 p.
1785 1500 1893 1553 360

215 1606 432 1641 soccos
456 1592 517 1642 et
540 1588 688 1641 codd.
712 1591 1024 1658 soccatos,
1050 1588 1147 1640 del.
1173 1591 1257 1658 et,
1280 1587 1539 1641 Dziatzko
1563 1607 1696 1641 mus.
1722 1588 1891 1643 Rhen.

215 1677 302 1745 31,
348 1675 480 1748 379)
534 1676 844 1729 Micionas
898 1675 997 1746 (sic
1050 1676 1308 1729 Dziatzko
1362 1677 1684 1730 micaunas
1745 1677 1894 1731 codd.

214 1764 522 1818 Miciones
556 1762 806 1817 Gelenius
836 1764 1122 1818 Miconas
1162 1763 1349 1837 vulgo)
1389 1765 1641 1818 uidebis
1680 1769 1741 1819 et
1778 1766 1894 1819 La-

214 1852 452 1905 chetas:
491 1870 612 1906 cum
651 1853 941 1924 adiguntur
978 1857 1039 1906 ut
1077 1853 1315 1924 reddant,
1353 1854 1429 1907 ita
1459 1854 1807 1908 cothurnatos
1840 1858 1892 1908 et

214 1941 472 2011 turgidOS,
510 1944 571 1993 ut
602 1939 912 1994 Heraclidas
944 1942 1065 1995 illos
1100 1941 1485 2012 Cresphontem
1516 1946 1569 1995 et
1600 1942 1891 1997 Temenum

214 2029 403 2098 putes⁹
467 2028 630 2082 Micio
671 2030 936 2099 adelphon
974 2030 1211 2084 Terentii
1249 2030 1595 2102 intellegitur,
1633 2030 1890 2085 Lachetes

213 2120 422 2185 praeter
460 2117 838 2172 Terentianum
876 2118 1117 2188 Hecyrae
1155 2119 1334 2189 plures
1372 2119 1488 2172 noti
1528 2117 1616 2191 (cf.
1651 2118 1896 2173 Ritsche-
1939 2132 1941 2135 “

214 2205 317 2258 lius
355 2206 389 2258 1.
427 2206 460 2258 1.
501 2207 606 2259 318
647 2205 762 2278 sq.).

224 2319 227 2325 ·
1029 2301 1075 2348 X

215 2381 500 2435 Lachetem
538 2384 719 2436 audiui
756 2384 1074 2453 percussisse
1112 2383 1381 2436 Demeam.

336 2483 650 2536 Quintilianus
668 2484 753 2528 VII
770 2489 810 2541 9,
830 2489 886 2528 10
905 2483 1182 2528 ‘accusatiui
1206 2483 1520 2542 geminatione
1551 2485 1678 2529 facta
1712 2485 1889 2542 amphi-

216 2540 344 2585 bolia
377 2542 575 2587 soluitur
604 2543 830 2600 ablatiuo,
862 2546 916 2587 ut
946 2543 1084 2589 illud:
1116 2543 1445 2588 Lachetem’
1481 2557 1517 2587 e.
1551 2558 1594 2599 q.
1629 2559 1662 2588 s.
1707 2544 1827 2589 ‘fiat:
1861 2560 1888 2589 a

216 2599 417 2645 Lachete
454 2615 724 2658 percussum
760 2602 1014 2648 Demeam.’
1078 2601 1259 2647 Ibidem
1288 2602 1395 2646 VHI
1427 2607 1480 2659 2,.
1501 2607 1555 2646 16
1594 2602 1808 2647 ‘uitanda
1839 2603 1889 2647 in

217 2658 377 2713 primis
419 2660 723 2718 ambiguitas,
771 2675 866 2705 non
903 2661 1019 2706 haec
1058 2661 1229 2718 solum,
1277 2661 1334 2705 de
1374 2661 1503 2705 cuius
1542 2675 1709 2718 genere
1750 2676 1888 2718 supra

219 2716 395 2761 dictum
426 2721 516 2775 est,
557 2733 677 2775 quae
708 2720 937 2765 incertum
967 2720 1259 2765 intellectum
1288 2719 1424 2776 facit,
1457 2722 1510 2764 ut
1542 2720 1889 2765 Chremetem

220 2776 440 2820 audiui’
476 2791 513 2822 e.
539 2793 581 2834 q.
608 2793 643 2824 s.
705 2779 920 2824 Fortasse
951 2779 1111 2824 fictum
1142 2778 1403 2835 exemplum
1435 2781 1518 2824 est.

335 2863 585 2910 Lachetem
607 2868 700 2912 loco
724 2869 880 2924 priore
905 2867 1196 2912 Chremetem
1218 2868 1359 2913 altero
1395 2868 1710 2926 Quintilianus
1800 2868 1889 2912 De-

217 2935 354 2966 mean
383 2932 422 2980 ψ
454 2924 667 2969 dameam
697 2927 933 2985 Aryentor.
966 2933 1153 2984 utroque
1185 2928 1278 2972 Ioco
