2060 3140
249 133 358 185 334
642 132 887 178 INCERTI
916 133 1171 178 NOMINIS
1201 135 1527 189 RELIQVIAE

367 264 613 309 Suetonius
652 264 754 308 vita
784 265 960 309 Tiberii
991 271 1048 309 45
1083 267 1223 310 ‘unde
1261 269 1392 311 nota'
1428 271 1442 322 (
1449 269 1613 312 ‘mora’
1640 269 1838 313 Rothius
1873 284 1930 314 ex

247 323 436 380 optimis
467 323 617 380 libris)
647 323 698 366 in
728 324 798 367 At
807 338 831 367 e
842 324 883 366 ll
895 324 987 368 ani
998 339 1021 368 c
1032 339 1058 368 o
1091 339 1154 368 ex
1164 340 1190 369 o
1201 325 1292 370 dio
1322 326 1545 383 proximis
1577 327 1700 371 ludis
1733 343 1926 372 assensu

245 382 448 427 maximo
504 384 697 439 excepta
747 383 1056 439 percrebruit:
1118 383 1337 428 hircum
1393 386 1649 429 uetulum
1703 388 1929 444 capreis

245 457 277 485 n
289 444 508 485 aturam
546 440 852 498 ligurrire.’

363 530 602 574 Sotadium
631 531 803 584 notavi,
833 532 1064 575 senarium
1093 530 1281 588 ligurrit
1309 534 1526 576 naturam
1557 533 1712 578 hircus
1741 535 1930 579 uetulus

250 588 436 645 Capreis
468 589 571 633 Rue
594 590 837 644 proposuit

1060 700 1106 745 V

233 780 483 850 ‘Tyiawe
523 782 715 852 πάτερ,
753 783 969 851 ὑγίαινε
1001 791 1168 852 μῆτερ
1246 828 1255 837 .
1334 828 1343 838 .
1422 829 1431 838 .

924 870 955 904 aa
1210 870 1241 906 »πε

1066 909 1098 942 21<

319 957 487 1012 Orcus
525 958 682 1011 uobis
722 959 867 1011 ducit
904 960 1063 1028 pedes
1141 1004 1150 1013 .
1229 1005 1238 1014 .
1319 1006 1327 1015 .
1407 1006 1416 1014 .

361 1059 607 1103 Suetonius
631 1059 732 1104 vita
755 1060 952 1104 Neronis
978 1066 1033 1104 39
1061 1061 1118 1105 ‘D
1130 1064 1256 1105 atus
1281 1063 1679 1109 Atellanarum
1710 1066 1926 1111 histrio

241 1118 298 1161 in
330 1118 555 1162 cantico
589 1119 829 1174 quodam
859 1121 1086 1176 ὑγίαινε
1124 1121 1324 1177 πάτερ,
1364 1122 1589 1178 ὑγίαινε
1630 1132 1798 1181 μῆτερ
1837 1126 1927 1170 ita

243 1178 757 1234 demonstrauerat‚
802 1180 863 1221 ut
900 1178 1194 1223 bibentem
1231 1183 1639 1238 natantemque
1678 1184 1924 1242 faceret,

242 1236 417 1280 exitum
450 1236 630 1280 scilicet
662 1236 828 1281 Claudi
858 1237 1238 1294 Agrippinaeque
1271 1239 1539 1296 significans
1551 1262 1560 1286 :
1603 1244 1650 1286 et
1684 1242 1735 1285 in
1765 1244 1923 1288 nouis-

242 1295 359 1339 sima
399 1295 629 1341 clausula:
679 1295 852 1340 Orcus
892 1297 1057 1341 uobis
1098 1297 1258 1342 ducit
1298 1313 1364 1355 pe
1377 1300 1492 1357 des,
1535 1303 1748 1345 senatum
1786 1306 1923 1359 gestu

239 1357 441 1398 notarat.
502 1354 789 1398 Histrionem
828 1357 875 1399 et
913 1355 1260 1414 philosophum’
1295 1358 1541 1415 (Isidorum
1580 1359 1803 1416 Cynicum
1813 1398 1824 1417 ‚
1865 1363 1924 1406 de

241 1428 332 1469 quo
373 1428 520 1458 sermo
559 1413 730 1471 fuerat)
773 1415 786 1436 ‘
797 1415 920 1458 Nero
958 1415 1079 1458 nihil
1119 1416 1318 1475 amplius
1358 1432 1499 1473 quam
1537 1419 1651 1463 urbe
1690 1420 1924 1477 Italiaque

242 1472 493 1517 summouit
531 1473 608 1516 uel
647 1475 915 1531 contemptu
956 1474 1104 1519 omnis
1143 1475 1367 1520 infamiae
1407 1477 1484 1521 uel
1521 1492 1580 1522 ne
1616 1478 1809 1525 fatendo
1842 1481 1924 1524 do-

241 1532 387 1576 lorem
417 1531 625 1576 irritaret
654 1532 876 1589 ingenia.’

241 1682 271 1724 d
359 1626 381 1664 1
400 1635 460 1678 sq.
495 1622 658 1666 Versus
688 1623 864 1679 prioris
901 1625 1080 1668 numeri
1116 1625 1324 1679 iambici,
1361 1627 1549 1671 alterius
1590 1628 1821 1672 bacchiaci
1856 1629 1923 1672 vi-

272 1687 404 1725 entur
434 1695 523 1726 esse

1042 1778 1114 1825 VI

242 1858 298 1912 Si
338 1859 467 1929 qui‘d
513 1861 845 1913 monumenti
891 1862 1047 1914 nacta
1086 1865 1167 1914 est
1211 1863 1304 1931 qui
1343 1882 1464 1916 eum
1502 1863 1809 1933 requireret.
1851 1898 1921 1903 —

238 1947 338 2001 Est
376 1950 632 2019 unguluS‚
673 1968 831 2018 quem
871 1950 919 2002 ei
957 1949 1092 2020 <ui>
1131 1951 1363 2004 detraxit
1401 1952 1563 2005 ebrio.

356 2050 520 2094 Festus
558 2065 605 2107 p.
631 2056 716 2095 375
756 2052 817 2097 M.
861 2051 1132 2109 ‘ungulus
1175 2052 1397 2097 Oscorum
1434 2053 1597 2110 lingua
1637 2054 1824 2110 anulus,
1868 2057 1923 2098 ut

241 2144 433 2153 ......
468 2109 515 2152 si
553 2110 714 2165 quid'
750 2125 786 2155 e.
814 2126 856 2166 q.
882 2126 917 2156 s.
983 2111 1239 2155 ‘Pacuuius
1278 2111 1328 2155 in
1366 2111 1516 2156 Iliona
1552 2112 1729 2215 [XVIPJ
1792 2114 1920 2157 Inter

238 2168 485 2212 Atellanae
517 2168 780 2226 fragmenta
810 2170 992 2227 reliqui,
1025 2170 1136 2226 quia
1162 2170 1331 2214 Oscum
1363 2185 1463 2215 esse
1493 2172 1675 2216 vocabu
1695 2187 1772 2215 um
1802 2171 1920 2216 dicit

236 2228 420 2284 Festus3
464 2242 748 2284 quamquam
778 2229 968 2273 minime
1000 2231 1177 2273 certum
1207 2229 1258 2273 id
1289 2244 1389 2274 esse
1423 2230 1745 2275 testimonium
1774 2231 1920 2276 nemi-

241 2301 349 2330 nem
379 2287 539 2344 fugere
570 2290 738 2343 potest.

358 2381 380 2419 1
423 2375 503 2432 qui
543 2389 649 2419 eum
686 2377 1034 2422 Lindemannus
1077 2377 1157 2433 qui
1197 2391 1355 2421 eorum
1393 2380 1487 2423 cod.
1535 2393 1651 2434 quor
1693 2379 1741 2424 Ο.
1769 2379 1920 2424 Muel-

239 2436 356 2480 lerus
476 2440 502 2478 2
535 2435 578 2479 ei
609 2435 659 2478 ui
689 2438 853 2493 scripSi
883 2436 926 2480 ei
958 2438 1051 2482 cod.
1085 2436 1249 2480 ennius
1283 2438 1382 2482 Vat.
1407 2439 1454 2483 R

1023 2590 1122 2639 VH

239 2676 422 2711 casnar

355 2759 502 2803 Varro
542 2760 599 2804 de
637 2760 667 2804 1.
699 2760 730 2806 1.
754 2760 841 2804 VII
872 2766 928 2804 29
963 2761 1024 2805 M.
1068 2762 1308 2804 ‘cascum
1354 2763 1489 2804 uetus
1537 2774 1636 2805 esse
1684 2760 1919 2818 signifieat

237 2817 414 2861 Ennius
456 2855 464 2862 .
492 2855 501 2863 .
529 2854 537 2862 .
578 2818 693 2862 item
733 2820 939 2863 ostendit
969 2819 1137 2876 Papini
1169 2820 1216 2877 (l.
1246 2820 1503 2877 ‘Pompili’)
1536 2820 1916 2877 ἐπιγραμμάτιον,

239 2877 366 2931 quod
388 2877 451 2920 *in
484 2878 831 2922 adulescentem
861 2879 1037 2923 fecerat
1068 2878 1260 2923 Cascam
1293 2915 1301 2923 .
1331 2916 1338 2923 .
1367 2916 1375 2923 .
1408 2878 1523 2923 item
1555 2878 1760 2922 ostendit
1791 2879 1917 2934 quod

241 2935 463 2992 oppidum
492 2939 689 2980 uocatur
717 2937 936 2981 Casinum
969 2975 978 2982 .
1006 2974 1014 2982 .
1043 2974 1052 2983 .
1084 2937 1200 2982 item
1232 2937 1466 2995 significat
1495 2937 1546 2981 in
1568 2937 1798 2981 Atellanis
1831 2937 1916 2982 ali-
