<?xml version="1.0" encoding="UTF-8"?>
<!DOCTYPE html PUBLIC "-//W3C//DTD XHTML 1.0 Transitional//EN"
    "http://www.w3.org/TR/xhtml1/DTD/xhtml1-transitional.dtd">
<html xmlns="http://www.w3.org/1999/xhtml" xml:lang="en" lang="en">
 <head>
  <title>
</title>
<meta http-equiv="Content-Type" content="text/html;charset=utf-8" />
  <meta name='ocr-system' content='tesseract 3.04.00' />
  <meta name='ocr-capabilities' content='ocr_page ocr_carea ocr_par ocr_line ocrx_word'/>
</head>
<body>
  <div class='ocr_page' id='page_1' title='image "./scaenicaeromanor02ribbuoft_0073.png"; bbox 0 0 2060 3140; ppageno 0'>
   <div class='ocr_carea' id='block_1_1' title="bbox 706 119 1837 175">
    <p class='ocr_par' dir='ltr' id='par_1_1' title="bbox 706 119 1837 175">
     <span class='ocr_line' id='line_1_1' title="bbox 706 119 1837 175; baseline 0.002 -11"><span class='ocrx_word' id='word_1_1' title='bbox 706 119 1013 165; x_wconf 85' lang='lat' dir='ltr'><strong>CAECILIVS</strong></span> <span class='ocrx_word' id='word_1_2' title='bbox 1046 119 1263 166; x_wconf 83' lang='lat' dir='ltr'><strong>STATIV</strong></span> <span class='ocrx_word' id='word_1_3' title='bbox 1266 121 1295 166; x_wconf 85' lang='lat' dir='ltr'>S</span> <span class='ocrx_word' id='word_1_4' title='bbox 1769 123 1837 175; x_wconf 81' lang='lat'>61</span> 
     </span>
    </p>
   </div>
   <div class='ocr_carea' id='block_1_2' title="bbox 160 259 1842 413">
    <p class='ocr_par' dir='ltr' id='par_1_2' title="bbox 160 259 1842 413">
     <span class='ocr_line' id='line_1_2' title="bbox 975 259 1022 306; baseline 0 0"><span class='ocrx_word' id='word_1_5' title='bbox 975 259 1022 306; x_wconf 92' lang='lat' dir='ltr'><strong>V</strong></span> 
     </span>
     <span class='ocr_line' id='line_1_3' title="bbox 160 342 1842 413; baseline 0.001 -16"><span class='ocrx_word' id='word_1_6' title='bbox 160 342 432 413; x_wconf 78' lang='lat' dir='ltr'>Resupina</span> <span class='ocrx_word' id='word_1_7' title='bbox 470 342 682 412; x_wconf 91' lang='lat' dir='ltr'>obstipo</span> <span class='ocrx_word' id='word_1_8' title='bbox 723 343 958 412; x_wconf 72' lang='lat' dir='ltr'>capitulo</span> <span class='ocrx_word' id='word_1_9' title='bbox 997 343 1102 396; x_wconf 90' lang='lat' dir='ltr'>sibi</span> <span class='ocrx_word' id='word_1_10' title='bbox 1139 345 1361 397; x_wconf 75' lang='lat' dir='ltr'>uentum</span> <span class='ocrx_word' id='word_1_11' title='bbox 1398 344 1571 398; x_wconf 86' lang='lat' dir='ltr'>facere</span> <span class='ocrx_word' id='word_1_12' title='bbox 1603 346 1842 399; x_wconf 74' lang='lat' dir='ltr'>tunicula</span> 
     </span>
    </p>
   </div>
   <div class='ocr_carea' id='block_1_3' title="bbox 160 444 1842 563">
    <p class='ocr_par' dir='ltr' id='par_1_3' title="bbox 160 444 1842 563">
     <span class='ocr_line' id='line_1_4' title="bbox 279 444 1842 502; baseline 0.002 -14"><span class='ocrx_word' id='word_1_13' title='bbox 279 445 444 488; x_wconf 86' lang='lat' dir='ltr'>Festus</span> <span class='ocrx_word' id='word_1_14' title='bbox 474 459 519 501; x_wconf 90' lang='lat' dir='ltr'>p.</span> <span class='ocrx_word' id='word_1_15' title='bbox 544 448 629 487; x_wconf 88' lang='lat'>193</span> <span class='ocrx_word' id='word_1_16' title='bbox 661 444 722 489; x_wconf 88' lang='lat' dir='ltr'>M.</span> <span class='ocrx_word' id='word_1_17' title='bbox 759 444 1093 502; x_wconf 83' lang='lat' dir='ltr'>‘obstipum,</span> <span class='ocrx_word' id='word_1_18' title='bbox 1127 444 1382 501; x_wconf 91' lang='lat' dir='ltr'>obliquum.</span> <span class='ocrx_word' id='word_1_19' title='bbox 1430 444 1608 489; x_wconf 87' lang='lat' dir='ltr'>Ennius</span> <span class='ocrx_word' id='word_1_20' title='bbox 1640 472 1696 478; x_wconf 92' lang='lat'>—</span> <span class='ocrx_word' id='word_1_21' title='bbox 1729 446 1842 491; x_wconf 88' lang='lat' dir='ltr'>Cae-</span> 
     </span>
     <span class='ocr_line' id='line_1_5' title="bbox 160 502 1841 563; baseline 0.001 -16"><span class='ocrx_word' id='word_1_22' title='bbox 160 503 296 548; x_wconf 84' lang='lat' dir='ltr'><strong>cilius</strong></span> <span class='ocrx_word' id='word_1_23' title='bbox 327 503 377 547; x_wconf 90' lang='lat' dir='ltr'>in</span> <span class='ocrx_word' id='word_1_24' title='bbox 407 502 641 548; x_wconf 85' lang='lat' dir='ltr'>imbros:</span> <span class='ocrx_word' id='word_1_25' title='bbox 672 502 909 560; x_wconf 86' lang='lat' dir='ltr'>resupina’</span> <span class='ocrx_word' id='word_1_26' title='bbox 944 517 982 548; x_wconf 93' lang='lat' dir='ltr'>e.</span> <span class='ocrx_word' id='word_1_27' title='bbox 1001 519 1044 560; x_wconf 92' lang='lat' dir='ltr'>q.</span> <span class='ocrx_word' id='word_1_28' title='bbox 1064 519 1098 549; x_wconf 91' lang='lat' dir='ltr'>s.</span> <span class='ocrx_word' id='word_1_29' title='bbox 1118 503 1181 563; x_wconf 88' lang='lat' dir='ltr'>(C.</span> <span class='ocrx_word' id='word_1_30' title='bbox 1200 503 1250 548; x_wconf 88' lang='lat' dir='ltr'>in</span> <span class='ocrx_word' id='word_1_31' title='bbox 1272 504 1475 548; x_wconf 89' lang='lat' dir='ltr'>Imbris</span> <span class='ocrx_word' id='word_1_32' title='bbox 1502 504 1553 550; x_wconf 91' lang='grc' dir='ltr'>Ο.</span> <span class='ocrx_word' id='word_1_33' title='bbox 1571 505 1841 563; x_wconf 89' lang='lat' dir='ltr'>Muellerus)</span> 
     </span>
    </p>
   </div>
   <div class='ocr_carea' id='block_1_4' title="bbox 160 591 1842 764">
    <p class='ocr_par' dir='ltr' id='par_1_4' title="bbox 160 591 1842 764">
     <span class='ocr_line' id='line_1_6' title="bbox 186 591 1842 696; baseline 0 -59"><span class='ocrx_word' id='word_1_34' title='bbox 186 651 235 695; x_wconf 74' lang='lat' dir='ltr'>ul</span> <span class='ocrx_word' id='word_1_35' title='bbox 282 591 467 696; x_wconf 53' lang='lat' dir='ltr'>obsitipo</span> <span class='ocrx_word' id='word_1_36' title='bbox 503 591 727 647; x_wconf 78' lang='lat' dir='ltr'>Gifanius</span> <span class='ocrx_word' id='word_1_37' title='bbox 759 591 934 636; x_wconf 89' lang='lat' dir='ltr'>obstito</span> <span class='ocrx_word' id='word_1_38' title='bbox 965 593 1060 638; x_wconf 84' lang='lat' dir='ltr'>cod.</span> <span class='ocrx_word' id='word_1_39' title='bbox 1238 592 1451 637; x_wconf 87' lang='lat' dir='ltr'>tunicula</span> <span class='ocrx_word' id='word_1_40' title='bbox 1491 594 1683 639; x_wconf 77' lang='lat' dir='ltr'><strong><em>Vrsinus</em></strong></span> <span class='ocrx_word' id='word_1_41' title='bbox 1714 594 1842 638; x_wconf 90' lang='lat' dir='ltr'>cuni-</span> 
     </span>
     <span class='ocr_line' id='line_1_7' title="bbox 160 665 1205 696; baseline -0.004 0"><span class='ocrx_word' id='word_1_42' title='bbox 160 666 185 696; x_wconf 92' lang='lat' dir='ltr'>c</span> <span class='ocrx_word' id='word_1_43' title='bbox 238 665 266 695; x_wconf 93' lang='lat' dir='ltr'>a</span> <span class='ocrx_word' id='word_1_44' title='bbox 297 665 347 696; x_wconf 87' lang='lat' dir='ltr'>co</span> <span class='ocrx_word' id='word_1_45' title='bbox 383 688 391 695; x_wconf 96' lang='lat'><em>.</em></span> <span class='ocrx_word' id='word_1_46' title='bbox 1201 679 1205 685; x_wconf 69' lang='lat'>‚</span> 
     </span>
     <span class='ocr_line' id='line_1_8' title="bbox 963 717 1036 764; baseline 0 0"><span class='ocrx_word' id='word_1_47' title='bbox 963 717 1036 764; x_wconf 89' lang='lat' dir='ltr'>VI</span> 
     </span>
    </p>
   </div>
   <div class='ocr_carea' id='block_1_5' title="bbox 161 800 1932 1269">
    <p class='ocr_par' dir='ltr' id='par_1_5' title="bbox 161 800 1932 959">
     <span class='ocr_line' id='line_1_9' title="bbox 161 800 1932 873; baseline 0.002 -20"><span class='ocrx_word' id='word_1_48' title='bbox 161 800 296 873; x_wconf 86' lang='lat' dir='ltr'>&#39;Age</span> <span class='ocrx_word' id='word_1_49' title='bbox 336 819 448 872; x_wconf 84' lang='lat' dir='ltr'>age,</span> <span class='ocrx_word' id='word_1_50' title='bbox 479 801 498 853; x_wconf 89' lang='lat' dir='ltr'>i</span> <span class='ocrx_word' id='word_1_51' title='bbox 528 819 707 871; x_wconf 81' lang='lat' dir='ltr'>puere,</span> <span class='ocrx_word' id='word_1_52' title='bbox 747 801 846 853; x_wconf 74' lang='lat' dir='ltr'>duc</span> <span class='ocrx_word' id='word_1_53' title='bbox 883 819 968 853; x_wconf 93' lang='lat' dir='ltr'>me</span> <span class='ocrx_word' id='word_1_54' title='bbox 1007 801 1074 853; x_wconf 87' lang='lat' dir='ltr'>ad</span> <span class='ocrx_word' id='word_1_55' title='bbox 1110 801 1314 870; x_wconf 89' lang='lat' dir='ltr'>patrios</span> <span class='ocrx_word' id='word_1_56' title='bbox 1353 801 1490 854; x_wconf 77' lang='lat' dir='ltr'>fines</span> <span class='ocrx_word' id='word_1_57' title='bbox 1522 802 1828 856; x_wconf 88' lang='lat' dir='ltr'>decoratum</span> <span class='ocrx_word' id='word_1_58' title='bbox 1847 817 1932 857; x_wconf 88' lang='lat'>100</span> 
     </span>
     <span class='ocr_line' id='line_1_10' title="bbox 1133 887 1371 959; baseline 0 -17"><span class='ocrx_word' id='word_1_59' title='bbox 1133 887 1371 959; x_wconf 74' lang='lat' dir='ltr'>opipare!</span> 
     </span>
    </p>

    <p class='ocr_par' dir='ltr' id='par_1_6' title="bbox 161 974 1844 1269">
     <span class='ocr_line' id='line_1_11' title="bbox 283 974 1843 1032; baseline 0.001 -13"><span class='ocrx_word' id='word_1_60' title='bbox 283 974 548 1020; x_wconf 81' lang='lat' dir='ltr'>Priscianus</span> <span class='ocrx_word' id='word_1_61' title='bbox 586 990 631 1031; x_wconf 91' lang='lat' dir='ltr'>p.</span> <span class='ocrx_word' id='word_1_62' title='bbox 657 979 742 1019; x_wconf 85' lang='grc'>697</span> <span class='ocrx_word' id='word_1_63' title='bbox 774 976 822 1020; x_wconf 93' lang='grc' dir='ltr'>Ρ.</span> <span class='ocrx_word' id='word_1_64' title='bbox 867 974 961 1018; x_wconf 85' lang='lat' dir='ltr'>‘hic</span> <span class='ocrx_word' id='word_1_65' title='bbox 1001 976 1049 1019; x_wconf 93' lang='lat' dir='ltr'>et</span> <span class='ocrx_word' id='word_1_66' title='bbox 1086 975 1202 1019; x_wconf 91' lang='lat' dir='ltr'>haec</span> <span class='ocrx_word' id='word_1_67' title='bbox 1231 988 1369 1032; x_wconf 91' lang='lat' dir='ltr'>puer</span> <span class='ocrx_word' id='word_1_68' title='bbox 1398 974 1708 1019; x_wconf 87' lang='lat' dir='ltr'>uetustissimi</span> <span class='ocrx_word' id='word_1_69' title='bbox 1736 990 1843 1032; x_wconf 87' lang='lat' dir='ltr'>pro-</span> 
     </span>
     <span class='ocr_line' id='line_1_12' title="bbox 163 1033 1841 1092; baseline 0.001 -14"><span class='ocrx_word' id='word_1_70' title='bbox 163 1034 328 1079; x_wconf 87' lang='lat' dir='ltr'>tulisse</span> <span class='ocrx_word' id='word_1_71' title='bbox 374 1033 679 1078; x_wconf 89' lang='lat' dir='ltr'>inueniuntur</span> <span class='ocrx_word' id='word_1_72' title='bbox 711 1071 719 1079; x_wconf 90' lang='lat'><strong><em>.</em></strong></span> <span class='ocrx_word' id='word_1_73' title='bbox 757 1070 764 1078; x_wconf 92' lang='lat'><strong>.</strong></span> <span class='ocrx_word' id='word_1_74' title='bbox 801 1070 809 1078; x_wconf 92' lang='lat'><strong>.</strong></span> <span class='ocrx_word' id='word_1_75' title='bbox 850 1033 1080 1078; x_wconf 79' lang='lat' dir='ltr'>Caecilius</span> <span class='ocrx_word' id='word_1_76' title='bbox 1125 1034 1177 1077; x_wconf 90' lang='lat' dir='ltr'>in</span> <span class='ocrx_word' id='word_1_77' title='bbox 1222 1033 1449 1080; x_wconf 87' lang='lat' dir='ltr'>Imbris:</span> <span class='ocrx_word' id='word_1_78' title='bbox 1497 1035 1609 1092; x_wconf 89' lang='lat' dir='ltr'>age’</span> <span class='ocrx_word' id='word_1_79' title='bbox 1659 1048 1697 1079; x_wconf 93' lang='lat' dir='ltr'>e.</span> <span class='ocrx_word' id='word_1_80' title='bbox 1730 1049 1774 1091; x_wconf 91' lang='lat' dir='ltr'>q.</span> <span class='ocrx_word' id='word_1_81' title='bbox 1808 1050 1841 1080; x_wconf 91' lang='lat' dir='ltr'>s.</span> 
     </span>
     <span class='ocr_line' id='line_1_13' title="bbox 164 1092 1842 1152; baseline 0.001 -15"><span class='ocrx_word' id='word_1_82' title='bbox 164 1092 384 1152; x_wconf 89' lang='lat' dir='ltr'>(Imbris</span> <span class='ocrx_word' id='word_1_83' title='bbox 416 1092 678 1137; x_wconf 87' lang='lat' dir='ltr'>Meinekius</span> <span class='ocrx_word' id='word_1_84' title='bbox 710 1093 922 1137; x_wconf 89' lang='lat' dir='ltr'>umbris</span> <span class='ocrx_word' id='word_1_85' title='bbox 953 1092 1080 1151; x_wconf 85' lang='lat' dir='ltr'>libri)</span> <span class='ocrx_word' id='word_1_86' title='bbox 1142 1093 1406 1137; x_wconf 82' lang='lat' dir='ltr'>Thesaurus</span> <span class='ocrx_word' id='word_1_87' title='bbox 1436 1108 1541 1138; x_wconf 85' lang='lat' dir='ltr'>nov.</span> <span class='ocrx_word' id='word_1_88' title='bbox 1573 1094 1675 1138; x_wconf 89' lang='lat' dir='ltr'>Lat.</span> <span class='ocrx_word' id='word_1_89' title='bbox 1701 1093 1759 1137; x_wconf 57' lang='lat' dir='ltr'>&gt;in</span> <span class='ocrx_word' id='word_1_90' title='bbox 1787 1094 1842 1138; x_wconf 91' lang='lat' dir='ltr'>A.</span> 
     </span>
     <span class='ocr_line' id='line_1_14' title="bbox 161 1151 1844 1210; baseline 0 -14"><span class='ocrx_word' id='word_1_91' title='bbox 161 1152 260 1196; x_wconf 78' lang='lat' dir='ltr'>Mai</span> <span class='ocrx_word' id='word_1_92' title='bbox 299 1154 421 1197; x_wconf 87' lang='lat' dir='ltr'>auct.</span> <span class='ocrx_word' id='word_1_93' title='bbox 456 1151 590 1197; x_wconf 88' lang='lat' dir='ltr'>class.</span> <span class='ocrx_word' id='word_1_94' title='bbox 614 1152 722 1196; x_wconf 87' lang='lat' dir='ltr'>VHI</span> <span class='ocrx_word' id='word_1_95' title='bbox 753 1157 839 1196; x_wconf 88' lang='grc'>390</span> <span class='ocrx_word' id='word_1_96' title='bbox 873 1153 947 1197; x_wconf 73' lang='lat' dir='ltr'>‘et</span> <span class='ocrx_word' id='word_1_97' title='bbox 985 1152 1094 1197; x_wconf 87' lang='lat' dir='ltr'>inde</span> <span class='ocrx_word' id='word_1_98' title='bbox 1138 1152 1375 1210; x_wconf 83' lang='lat' dir='ltr'>opipare</span> <span class='ocrx_word' id='word_1_99' title='bbox 1414 1153 1522 1198; x_wconf 80' lang='lat' dir='ltr'>adu,</span> <span class='ocrx_word' id='word_1_100' title='bbox 1554 1153 1631 1197; x_wconf 90' lang='lat' dir='ltr'>-i-</span> <span class='ocrx_word' id='word_1_101' title='bbox 1662 1153 1844 1198; x_wconf 86' lang='lat' dir='ltr'>habun-</span> 
     </span>
     <span class='ocr_line' id='line_1_15' title="bbox 162 1210 1844 1269; baseline 0.001 -14"><span class='ocrx_word' id='word_1_102' title='bbox 162 1213 343 1268; x_wconf 88' lang='lat' dir='ltr'>danter,</span> <span class='ocrx_word' id='word_1_103' title='bbox 374 1212 498 1255; x_wconf 91' lang='lat' dir='ltr'>unde</span> <span class='ocrx_word' id='word_1_104' title='bbox 530 1210 785 1256; x_wconf 82' lang='lat' dir='ltr'>Caecilius:</span> <span class='ocrx_word' id='word_1_105' title='bbox 818 1212 923 1269; x_wconf 88' lang='lat' dir='ltr'>age’</span> <span class='ocrx_word' id='word_1_106' title='bbox 958 1225 997 1256; x_wconf 90' lang='lat' dir='ltr'>e.</span> <span class='ocrx_word' id='word_1_107' title='bbox 1022 1226 1065 1268; x_wconf 90' lang='lat' dir='ltr'>q.</span> <span class='ocrx_word' id='word_1_108' title='bbox 1090 1226 1126 1256; x_wconf 91' lang='lat' dir='ltr'>s.</span> <span class='ocrx_word' id='word_1_109' title='bbox 1171 1211 1354 1256; x_wconf 84' lang='lat' dir='ltr'>Ibidem</span> <span class='ocrx_word' id='word_1_110' title='bbox 1382 1217 1468 1256; x_wconf 84' lang='grc'>407</span> <span class='ocrx_word' id='word_1_111' title='bbox 1505 1213 1571 1256; x_wconf 75' lang='lat' dir='ltr'>‘et</span> <span class='ocrx_word' id='word_1_112' title='bbox 1604 1211 1844 1257; x_wconf 89' lang='lat' dir='ltr'>sciendum</span> 
     </span>
    </p>
   </div>
   <div class='ocr_carea' id='block_1_6' title="bbox 162 1270 1842 1387">
    <p class='ocr_par' dir='ltr' id='par_1_7' title="bbox 162 1270 1842 1387">
     <span class='ocr_line' id='line_1_16' title="bbox 163 1270 1842 1329; baseline 0.002 -15"><span class='ocrx_word' id='word_1_113' title='bbox 163 1271 289 1327; x_wconf 90' lang='lat' dir='ltr'>quod</span> <span class='ocrx_word' id='word_1_114' title='bbox 320 1270 504 1326; x_wconf 76' lang='lat' dir='ltr'>antiqui</span> <span class='ocrx_word' id='word_1_115' title='bbox 535 1270 757 1315; x_wconf 88' lang='lat' dir='ltr'>dicebant</span> <span class='ocrx_word' id='word_1_116' title='bbox 786 1284 992 1328; x_wconf 89' lang='lat' dir='ltr'>puerus</span> <span class='ocrx_word' id='word_1_117' title='bbox 1032 1273 1080 1315; x_wconf 92' lang='lat' dir='ltr'>et</span> <span class='ocrx_word' id='word_1_118' title='bbox 1116 1285 1211 1315; x_wconf 89' lang='lat' dir='ltr'>non</span> <span class='ocrx_word' id='word_1_119' title='bbox 1248 1285 1383 1329; x_wconf 75' lang='lat' dir='ltr'>puer,</span> <span class='ocrx_word' id='word_1_120' title='bbox 1428 1271 1550 1316; x_wconf 89' lang='lat' dir='ltr'>unde</span> <span class='ocrx_word' id='word_1_121' title='bbox 1590 1271 1842 1318; x_wconf 84' lang='lat' dir='ltr'>Caecilius:</span> 
     </span>
     <span class='ocr_line' id='line_1_17' title="bbox 162 1330 771 1387; baseline 0.002 -14"><span class='ocrx_word' id='word_1_122' title='bbox 162 1343 303 1387; x_wconf 89' lang='lat' dir='ltr'>puere</span> <span class='ocrx_word' id='word_1_123' title='bbox 333 1343 475 1386; x_wconf 90' lang='lat' dir='ltr'>puere</span> <span class='ocrx_word' id='word_1_124' title='bbox 509 1366 518 1374; x_wconf 93' lang='lat'><em>.</em></span> <span class='ocrx_word' id='word_1_125' title='bbox 546 1366 555 1375; x_wconf 93' lang='lat'><strong>.</strong></span> <span class='ocrx_word' id='word_1_126' title='bbox 581 1366 591 1375; x_wconf 88' lang='lat'><strong>.</strong></span> <span class='ocrx_word' id='word_1_127' title='bbox 623 1330 771 1374; x_wconf 87' lang='lat' dir='ltr'>fines.’</span> 
     </span>
    </p>
   </div>
   <div class='ocr_carea' id='block_1_7' title="bbox 163 1411 1845 1701">
    <p class='ocr_par' dir='ltr' id='par_1_8' title="bbox 163 1411 1845 1701">
     <span class='ocr_line' id='line_1_18' title="bbox 282 1411 1842 1477; baseline 0.001 -16"><span class='ocrx_word' id='word_1_128' title='bbox 282 1432 370 1475; x_wconf 88' lang='lat' dir='ltr'>age</span> <span class='ocrx_word' id='word_1_129' title='bbox 401 1431 488 1475; x_wconf 85' lang='lat' dir='ltr'>age</span> <span class='ocrx_word' id='word_1_130' title='bbox 520 1417 538 1461; x_wconf 91' lang='lat' dir='ltr'>i</span> <span class='ocrx_word' id='word_1_131' title='bbox 565 1431 707 1475; x_wconf 90' lang='lat' dir='ltr'>puere</span> <span class='ocrx_word' id='word_1_132' title='bbox 733 1411 868 1464; x_wconf 82' lang='lat' dir='ltr'>Vind.</span> <span class='ocrx_word' id='word_1_133' title='bbox 900 1418 1039 1477; x_wconf 72' lang='lat' dir='ltr'>Sanq.</span> <span class='ocrx_word' id='word_1_134' title='bbox 1067 1419 1260 1464; x_wconf 81' lang='lat' dir='ltr'>Carolir.</span> <span class='ocrx_word' id='word_1_135' title='bbox 1296 1419 1429 1464; x_wconf 78' lang='lat' dir='ltr'>Grnt.</span> <span class='ocrx_word' id='word_1_136' title='bbox 1462 1432 1550 1476; x_wconf 87' lang='lat' dir='ltr'>age</span> <span class='ocrx_word' id='word_1_137' title='bbox 1583 1433 1670 1477; x_wconf 89' lang='lat' dir='ltr'>age</span> <span class='ocrx_word' id='word_1_138' title='bbox 1699 1433 1842 1477; x_wconf 91' lang='lat' dir='ltr'>puere</span> 
     </span>
     <span class='ocr_line' id='line_1_19' title="bbox 166 1478 1845 1537; baseline 0.001 -16"><span class='ocrx_word' id='word_1_139' title='bbox 166 1481 326 1534; x_wconf 92' lang='lat' dir='ltr'>(puere</span> <span class='ocrx_word' id='word_1_140' title='bbox 356 1479 486 1522; x_wconf 83' lang='lat' dir='ltr'>semel</span> <span class='ocrx_word' id='word_1_141' title='bbox 514 1491 627 1522; x_wconf 80' lang='lat' dir='ltr'>eras.</span> <span class='ocrx_word' id='word_1_142' title='bbox 652 1479 706 1522; x_wconf 92' lang='lat' dir='ltr'>in</span> <span class='ocrx_word' id='word_1_143' title='bbox 727 1478 894 1537; x_wconf 76' lang='lat' dir='ltr'>Bony.)</span> <span class='ocrx_word' id='word_1_144' title='bbox 924 1480 1058 1524; x_wconf 83' lang='lat' dir='ltr'>ceteri</span> <span class='ocrx_word' id='word_1_145' title='bbox 1078 1480 1206 1523; x_wconf 83' lang='lat' dir='ltr'>codd.</span> <span class='ocrx_word' id='word_1_146' title='bbox 1231 1479 1469 1524; x_wconf 77' lang='lat' dir='ltr'>Prisciani</span> <span class='ocrx_word' id='word_1_147' title='bbox 1499 1491 1586 1535; x_wconf 86' lang='lat' dir='ltr'>age</span> <span class='ocrx_word' id='word_1_148' title='bbox 1618 1492 1706 1536; x_wconf 89' lang='lat' dir='ltr'>age</span> <span class='ocrx_word' id='word_1_149' title='bbox 1728 1492 1845 1536; x_wconf 91' lang='lat' dir='ltr'>puer</span> 
     </span>
     <span class='ocr_line' id='line_1_20' title="bbox 163 1537 1845 1597; baseline -0.001 -15"><span class='ocrx_word' id='word_1_150' title='bbox 163 1539 268 1582; x_wconf 79' lang='lat' dir='ltr'>thes.</span> <span class='ocrx_word' id='word_1_151' title='bbox 303 1541 390 1580; x_wconf 87' lang='grc'>390</span> <span class='ocrx_word' id='word_1_152' title='bbox 419 1549 573 1593; x_wconf 63' lang='lat' dir='ltr'>puere,</span> <span class='ocrx_word' id='word_1_153' title='bbox 589 1550 731 1594; x_wconf 90' lang='lat' dir='ltr'>puere</span> <span class='ocrx_word' id='word_1_154' title='bbox 762 1538 881 1582; x_wconf 81' lang='lat' dir='ltr'>idem</span> <span class='ocrx_word' id='word_1_155' title='bbox 910 1542 996 1581; x_wconf 79' lang='grc'>407</span> <span class='ocrx_word' id='word_1_156' title='bbox 1107 1537 1197 1581; x_wconf 92' lang='lat' dir='ltr'>duc</span> <span class='ocrx_word' id='word_1_157' title='bbox 1226 1552 1349 1583; x_wconf 84' lang='lat' dir='ltr'>wnns</span> <span class='ocrx_word' id='word_1_158' title='bbox 1378 1539 1473 1583; x_wconf 82' lang='lat' dir='ltr'>cod.</span> <span class='ocrx_word' id='word_1_159' title='bbox 1505 1538 1736 1597; x_wconf 71' lang='lat' dir='ltr'>Spenyelii</span> <span class='ocrx_word' id='word_1_160' title='bbox 1766 1538 1845 1582; x_wconf 90' lang='lat' dir='ltr'>de-</span> 
     </span>
     <span class='ocr_line' id='line_1_21' title="bbox 164 1596 1842 1656; baseline 0.002 -17"><span class='ocrx_word' id='word_1_161' title='bbox 164 1596 253 1639; x_wconf 90' lang='lat' dir='ltr'>duc</span> <span class='ocrx_word' id='word_1_162' title='bbox 283 1597 389 1641; x_wconf 82' lang='lat' dir='ltr'>thes.</span> <span class='ocrx_word' id='word_1_163' title='bbox 421 1602 608 1653; x_wconf 79' lang='lat' dir='ltr'>utroque</span> <span class='ocrx_word' id='word_1_164' title='bbox 639 1598 734 1641; x_wconf 85' lang='lat' dir='ltr'>loco</span> <span class='ocrx_word' id='word_1_165' title='bbox 764 1596 880 1640; x_wconf 91' lang='lat' dir='ltr'>duce</span> <span class='ocrx_word' id='word_1_166' title='bbox 911 1597 1149 1642; x_wconf 74' lang='lat' dir='ltr'>Prisciani</span> <span class='ocrx_word' id='word_1_167' title='bbox 1179 1614 1214 1654; x_wconf 86' lang='grc' dir='ltr'>φ</span> <span class='ocrx_word' id='word_1_168' title='bbox 1336 1597 1666 1643; x_wconf 83' lang='lat' dir='ltr'>decor**atum</span> <span class='ocrx_word' id='word_1_169' title='bbox 1695 1598 1842 1656; x_wconf 70' lang='lat' dir='ltr'>Bony.</span> 
     </span>
     <span class='ocr_line' id='line_1_22' title="bbox 164 1654 924 1701; baseline 0 -2"><span class='ocrx_word' id='word_1_170' title='bbox 164 1656 400 1701; x_wconf 76' lang='lat' dir='ltr'>Prisciani</span> <span class='ocrx_word' id='word_1_171' title='bbox 430 1654 671 1699; x_wconf 87' lang='lat' dir='ltr'>decorauit</span> <span class='ocrx_word' id='word_1_172' title='bbox 700 1656 804 1701; x_wconf 82' lang='lat' dir='ltr'>thes.</span> <span class='ocrx_word' id='word_1_173' title='bbox 838 1660 924 1700; x_wconf 87' lang='grc'>390</span> 
     </span>
    </p>
   </div>
   <div class='ocr_carea' id='block_1_8' title="bbox 163 1751 1932 1976">
    <p class='ocr_par' dir='ltr' id='par_1_9' title="bbox 163 1751 1932 1976">
     <span class='ocr_line' id='line_1_23' title="bbox 954 1751 1053 1799; baseline -0.01 0"><span class='ocrx_word' id='word_1_174' title='bbox 954 1751 1053 1799; x_wconf 88' lang='lat' dir='ltr'>VII</span> 
     </span>
     <span class='ocr_line' id='line_1_24' title="bbox 163 1834 1932 1904; baseline 0.002 -18"><span class='ocrx_word' id='word_1_175' title='bbox 163 1834 364 1887; x_wconf 90' lang='lat' dir='ltr'>Mirum</span> <span class='ocrx_word' id='word_1_176' title='bbox 388 1835 518 1887; x_wconf 69' lang='lat' dir='ltr'>adeo</span> <span class='ocrx_word' id='word_1_177' title='bbox 542 1835 647 1887; x_wconf 86' lang='lat' dir='ltr'>nisi</span> <span class='ocrx_word' id='word_1_178' title='bbox 670 1835 836 1888; x_wconf 76' lang='lat' dir='ltr'>frater</span> <span class='ocrx_word' id='word_1_179' title='bbox 859 1835 1004 1887; x_wconf 88' lang='lat' dir='ltr'>domi</span> <span class='ocrx_word' id='word_1_180' title='bbox 1032 1835 1267 1888; x_wconf 78' lang='lat' dir='ltr'>ebriatus</span> <span class='ocrx_word' id='word_1_181' title='bbox 1298 1835 1513 1888; x_wconf 86' lang='lat' dir='ltr'>turbam</span> <span class='ocrx_word' id='word_1_182' title='bbox 1544 1835 1778 1904; x_wconf 71' lang='lat' dir='ltr'>aliquam</span> <span class='ocrx_word' id='word_1_183' title='bbox 1802 1846 1932 1890; x_wconf 85' lang='lat' dir='ltr'><em>101l2</em></span> 
     </span>
     <span class='ocr_line' id='line_1_25' title="bbox 1138 1923 1297 1976; baseline 0 0"><span class='ocrx_word' id='word_1_184' title='bbox 1138 1923 1297 1976; x_wconf 88' lang='lat' dir='ltr'>dedit.</span> 
     </span>
    </p>
   </div>
   <div class='ocr_carea' id='block_1_9' title="bbox 164 2009 1844 2244">
    <p class='ocr_par' dir='ltr' id='par_1_10' title="bbox 164 2009 1844 2244">
     <span class='ocr_line' id='line_1_26' title="bbox 282 2009 1843 2066; baseline 0.001 -13"><span class='ocrx_word' id='word_1_185' title='bbox 282 2010 462 2054; x_wconf 86' lang='lat' dir='ltr'>Nonius</span> <span class='ocrx_word' id='word_1_186' title='bbox 494 2014 595 2066; x_wconf 76' lang='lat'>525,</span> <span class='ocrx_word' id='word_1_187' title='bbox 613 2015 638 2054; x_wconf 85' lang='lat'>2</span> <span class='ocrx_word' id='word_1_188' title='bbox 675 2010 924 2054; x_wconf 81' lang='lat' dir='ltr'>‘turbam</span> <span class='ocrx_word' id='word_1_189' title='bbox 955 2011 1003 2054; x_wconf 92' lang='lat' dir='ltr'>et</span> <span class='ocrx_word' id='word_1_190' title='bbox 1032 2010 1195 2054; x_wconf 79' lang='lat' dir='ltr'>turbas</span> <span class='ocrx_word' id='word_1_191' title='bbox 1225 2009 1459 2054; x_wconf 85' lang='lat' dir='ltr'>diuersam</span> <span class='ocrx_word' id='word_1_192' title='bbox 1481 2010 1648 2054; x_wconf 89' lang='lat' dir='ltr'>uolunt</span> <span class='ocrx_word' id='word_1_193' title='bbox 1670 2010 1843 2054; x_wconf 86' lang='lat' dir='ltr'>habere</span> 
     </span>
     <span class='ocr_line' id='line_1_27' title="bbox 166 2068 1844 2126; baseline 0 -13"><span class='ocrx_word' id='word_1_194' title='bbox 166 2068 576 2126; x_wconf 86' lang='lat' dir='ltr'>significationem,</span> <span class='ocrx_word' id='word_1_195' title='bbox 618 2071 672 2113; x_wconf 87' lang='lat' dir='ltr'>ut</span> <span class='ocrx_word' id='word_1_196' title='bbox 710 2068 772 2113; x_wconf 87' lang='lat' dir='ltr'>sit</span> <span class='ocrx_word' id='word_1_197' title='bbox 802 2069 942 2112; x_wconf 86' lang='lat' dir='ltr'>turba</span> <span class='ocrx_word' id='word_1_198' title='bbox 970 2068 1133 2126; x_wconf 91' lang='lat' dir='ltr'>populi</span> <span class='ocrx_word' id='word_1_199' title='bbox 1165 2071 1441 2125; x_wconf 73' lang='lat' dir='ltr'>conuentuS‚</span> <span class='ocrx_word' id='word_1_200' title='bbox 1486 2069 1653 2113; x_wconf 91' lang='lat' dir='ltr'>turbae</span> <span class='ocrx_word' id='word_1_201' title='bbox 1682 2070 1844 2113; x_wconf 88' lang='lat' dir='ltr'>turba-</span> 
     </span>
     <span class='ocr_line' id='line_1_28' title="bbox 164 2127 1844 2185; baseline 0 -13"><span class='ocrx_word' id='word_1_202' title='bbox 164 2128 332 2172; x_wconf 85' lang='lat' dir='ltr'>tiones.</span> <span class='ocrx_word' id='word_1_203' title='bbox 393 2143 478 2173; x_wconf 91' lang='lat' dir='ltr'>nos</span> <span class='ocrx_word' id='word_1_204' title='bbox 511 2131 673 2173; x_wconf 86' lang='lat' dir='ltr'>contra</span> <span class='ocrx_word' id='word_1_205' title='bbox 703 2129 877 2172; x_wconf 89' lang='lat' dir='ltr'>lectum</span> <span class='ocrx_word' id='word_1_206' title='bbox 907 2127 1170 2172; x_wconf 88' lang='lat' dir='ltr'>inuenimus</span> <span class='ocrx_word' id='word_1_207' title='bbox 1202 2130 1251 2172; x_wconf 88' lang='lat' dir='ltr'>et</span> <span class='ocrx_word' id='word_1_208' title='bbox 1280 2127 1530 2172; x_wconf 84' lang='lat' dir='ltr'>indiscrete</span> <span class='ocrx_word' id='word_1_209' title='bbox 1559 2128 1765 2185; x_wconf 89' lang='lat' dir='ltr'>positum</span> <span class='ocrx_word' id='word_1_210' title='bbox 1796 2130 1844 2173; x_wconf 90' lang='lat' dir='ltr'>et</span> 
     </span>
     <span class='ocr_line' id='line_1_29' title="bbox 165 2186 1761 2244; baseline 0.002 -14"><span class='ocrx_word' id='word_1_211' title='bbox 165 2202 249 2244; x_wconf 92' lang='lat' dir='ltr'>pro</span> <span class='ocrx_word' id='word_1_212' title='bbox 279 2187 430 2231; x_wconf 88' lang='lat' dir='ltr'>turbis</span> <span class='ocrx_word' id='word_1_213' title='bbox 461 2188 649 2232; x_wconf 88' lang='lat' dir='ltr'>turbam</span> <span class='ocrx_word' id='word_1_214' title='bbox 682 2225 690 2232; x_wconf 90' lang='lat'><strong>.</strong></span> <span class='ocrx_word' id='word_1_215' title='bbox 719 2225 726 2232; x_wconf 93' lang='lat'><strong>.</strong></span> <span class='ocrx_word' id='word_1_216' title='bbox 756 2225 763 2232; x_wconf 92' lang='lat'><strong><em>.</em></strong></span> <span class='ocrx_word' id='word_1_217' title='bbox 798 2186 1026 2231; x_wconf 89' lang='lat' dir='ltr'>Caecilius</span> <span class='ocrx_word' id='word_1_218' title='bbox 1057 2186 1107 2230; x_wconf 89' lang='lat' dir='ltr'>in</span> <span class='ocrx_word' id='word_1_219' title='bbox 1137 2186 1325 2231; x_wconf 89' lang='lat' dir='ltr'>Imbris:</span> <span class='ocrx_word' id='word_1_220' title='bbox 1357 2186 1543 2231; x_wconf 90' lang='lat' dir='ltr'>mirum’</span> <span class='ocrx_word' id='word_1_221' title='bbox 1578 2201 1616 2233; x_wconf 89' lang='lat' dir='ltr'>e.</span> <span class='ocrx_word' id='word_1_222' title='bbox 1649 2202 1692 2244; x_wconf 89' lang='lat' dir='ltr'>q.</span> <span class='ocrx_word' id='word_1_223' title='bbox 1726 2202 1761 2233; x_wconf 86' lang='lat' dir='ltr'>s.</span> 
     </span>
    </p>
   </div>
   <div class='ocr_carea' id='block_1_10' title="bbox 166 2275 1844 2451">
    <p class='ocr_par' dir='ltr' id='par_1_11' title="bbox 166 2275 1844 2451">
     <span class='ocr_line' id='line_1_30' title="bbox 284 2275 1844 2331; baseline 0 -11"><span class='ocrx_word' id='word_1_224' title='bbox 284 2275 335 2319; x_wconf 90' lang='lat' dir='ltr'>ni</span> <span class='ocrx_word' id='word_1_225' title='bbox 359 2276 406 2320; x_wconf 93' lang='lat' dir='ltr'>P</span> <span class='ocrx_word' id='word_1_226' title='bbox 492 2275 699 2320; x_wconf 87' lang='lat' dir='ltr'>ebriatus</span> <span class='ocrx_word' id='word_1_227' title='bbox 730 2277 834 2320; x_wconf 83' lang='lat' dir='ltr'>Bae</span> <span class='ocrx_word' id='word_1_228' title='bbox 857 2290 970 2320; x_wconf 83' lang='lat' dir='ltr'>mas.</span> <span class='ocrx_word' id='word_1_229' title='bbox 987 2276 1132 2321; x_wconf 83' lang='lat' dir='ltr'>Rhen.</span> <span class='ocrx_word' id='word_1_230' title='bbox 1151 2281 1222 2331; x_wconf 81' lang='lat'>29,</span> <span class='ocrx_word' id='word_1_231' title='bbox 1242 2280 1324 2319; x_wconf 83' lang='grc'>197</span> <span class='ocrx_word' id='word_1_232' title='bbox 1351 2275 1506 2319; x_wconf 89' lang='lat' dir='ltr'>ebrius</span> <span class='ocrx_word' id='word_1_233' title='bbox 1530 2293 1566 2319; x_wconf 86' lang='grc' dir='ltr'><em>ω</em></span> <span class='ocrx_word' id='word_1_234' title='bbox 1655 2275 1844 2320; x_wconf 89' lang='lat' dir='ltr'>turbam</span> 
     </span>
     <span class='ocr_line' id='line_1_31' title="bbox 167 2334 1844 2392; baseline 0.001 -14"><span class='ocrx_word' id='word_1_235' title='bbox 167 2334 376 2390; x_wconf 85' lang='lat' dir='ltr'>aliquam</span> <span class='ocrx_word' id='word_1_236' title='bbox 407 2335 589 2380; x_wconf 85' lang='lat' dir='ltr'>dederit</span> <span class='ocrx_word' id='word_1_237' title='bbox 619 2335 775 2379; x_wconf 90' lang='lat' dir='ltr'>ebrius</span> <span class='ocrx_word' id='word_1_238' title='bbox 800 2349 1140 2392; x_wconf 76' lang='lat' dir='ltr'>proposueram,</span> <span class='ocrx_word' id='word_1_239' title='bbox 1170 2341 1306 2380; x_wconf 80' lang='lat' dir='ltr'>antea</span> <span class='ocrx_word' id='word_1_240' title='bbox 1328 2337 1610 2380; x_wconf 76' lang='lat' dir='ltr'>senariorum</span> <span class='ocrx_word' id='word_1_241' title='bbox 1639 2335 1844 2391; x_wconf 79' lang='lat' dir='ltr'>frustula</span> 
     </span>
     <span class='ocr_line' id='line_1_32' title="bbox 166 2394 1003 2451; baseline 0.002 -14"><span class='ocrx_word' id='word_1_242' title='bbox 166 2421 221 2427; x_wconf 97' lang='lat'>—</span> <span class='ocrx_word' id='word_1_243' title='bbox 255 2394 382 2438; x_wconf 91' lang='lat' dir='ltr'>domi</span> <span class='ocrx_word' id='word_1_244' title='bbox 412 2394 566 2438; x_wconf 87' lang='lat' dir='ltr'>ebrius</span> <span class='ocrx_word' id='word_1_245' title='bbox 597 2394 802 2438; x_wconf 89' lang='lat' dir='ltr'>Turbam</span> <span class='ocrx_word' id='word_1_246' title='bbox 831 2409 866 2440; x_wconf 84' lang='lat' dir='ltr'>e.</span> <span class='ocrx_word' id='word_1_247' title='bbox 899 2410 938 2451; x_wconf 77' lang='lat' dir='ltr'>q.</span> <span class='ocrx_word' id='word_1_248' title='bbox 970 2409 1003 2439; x_wconf 88' lang='lat' dir='ltr'>s.</span> 
     </span>
    </p>
   </div>
   <div class='ocr_carea' id='block_1_11' title="bbox 170 2504 1276 2659">
    <p class='ocr_par' dir='ltr' id='par_1_12' title="bbox 170 2504 1276 2659">
     <span class='ocr_line' id='line_1_33' title="bbox 439 2504 1066 2552; baseline 0.003 -2"><span class='ocrx_word' id='word_1_249' title='bbox 439 2548 441 2550; x_wconf 83' lang='grc'>,</span> <span class='ocrx_word' id='word_1_250' title='bbox 942 2504 1066 2552; x_wconf 91' lang='lat' dir='ltr'><strong>VIII</strong></span> 
     </span>
     <span class='ocr_line' id='line_1_34' title="bbox 170 2587 1276 2659; baseline -0.002 -18"><span class='ocrx_word' id='word_1_251' title='bbox 170 2631 180 2641; x_wconf 88' lang='lat'><strong>.</strong></span> <span class='ocrx_word' id='word_1_252' title='bbox 223 2631 232 2641; x_wconf 92' lang='lat'><strong>.</strong></span> <span class='ocrx_word' id='word_1_253' title='bbox 273 2592 492 2642; x_wconf 87' lang='lat' dir='ltr'>cruento</span> <span class='ocrx_word' id='word_1_254' title='bbox 530 2590 608 2642; x_wconf 87' lang='lat' dir='ltr'>ita</span> <span class='ocrx_word' id='word_1_255' title='bbox 646 2591 736 2642; x_wconf 88' lang='lat' dir='ltr'>6re</span> <span class='ocrx_word' id='word_1_256' title='bbox 775 2588 1065 2659; x_wconf 74' lang='lat' dir='ltr'>grundibat</span> <span class='ocrx_word' id='word_1_257' title='bbox 1102 2587 1276 2640; x_wconf 88' lang='lat' dir='ltr'>miser.</span> 
     </span>
    </p>
   </div>
   <div class='ocr_carea' id='block_1_12' title="bbox 167 2688 1844 2985">
    <p class='ocr_par' dir='ltr' id='par_1_13' title="bbox 167 2688 1844 2922">
     <span class='ocr_line' id='line_1_35' title="bbox 284 2688 1844 2748; baseline -0.001 -14"><span class='ocrx_word' id='word_1_258' title='bbox 284 2689 465 2734; x_wconf 88' lang='lat' dir='ltr'>Nonius</span> <span class='ocrx_word' id='word_1_259' title='bbox 496 2695 597 2748; x_wconf 82' lang='lat'>465,</span> <span class='ocrx_word' id='word_1_260' title='bbox 614 2695 642 2734; x_wconf 87' lang='grc'>4</span> <span class='ocrx_word' id='word_1_261' title='bbox 676 2689 969 2748; x_wconf 85' lang='lat' dir='ltr'>‘grundire</span> <span class='ocrx_word' id='word_1_262' title='bbox 1001 2703 1107 2732; x_wconf 92' lang='lat' dir='ltr'>cum</span> <span class='ocrx_word' id='word_1_263' title='bbox 1138 2688 1200 2732; x_wconf 91' lang='lat' dir='ltr'>sit</span> <span class='ocrx_word' id='word_1_264' title='bbox 1227 2688 1413 2746; x_wconf 89' lang='lat' dir='ltr'>proprie</span> <span class='ocrx_word' id='word_1_265' title='bbox 1444 2703 1579 2733; x_wconf 86' lang='lat' dir='ltr'>suum</span> <span class='ocrx_word' id='word_1_266' title='bbox 1604 2726 1612 2734; x_wconf 90' lang='lat'><strong>.</strong></span> <span class='ocrx_word' id='word_1_267' title='bbox 1635 2726 1672 2735; x_wconf 85' lang='lat'>..</span> <span class='ocrx_word' id='word_1_268' title='bbox 1700 2689 1844 2734; x_wconf 90' lang='lat' dir='ltr'>etiam</span> 
     </span>
     <span class='ocr_line' id='line_1_36' title="bbox 167 2747 1843 2807; baseline 0 -15"><span class='ocrx_word' id='word_1_269' title='bbox 167 2749 408 2794; x_wconf 89' lang='lat' dir='ltr'>hominum</span> <span class='ocrx_word' id='word_1_270' title='bbox 438 2763 538 2794; x_wconf 90' lang='lat' dir='ltr'>esse</span> <span class='ocrx_word' id='word_1_271' title='bbox 569 2749 841 2807; x_wconf 88' lang='lat' dir='ltr'>grunditum</span> <span class='ocrx_word' id='word_1_272' title='bbox 872 2747 1100 2793; x_wconf 86' lang='lat' dir='ltr'>Caecilius</span> <span class='ocrx_word' id='word_1_273' title='bbox 1132 2747 1182 2791; x_wconf 90' lang='lat' dir='ltr'>in</span> <span class='ocrx_word' id='word_1_274' title='bbox 1211 2747 1378 2792; x_wconf 91' lang='lat' dir='ltr'>Imbris</span> <span class='ocrx_word' id='word_1_275' title='bbox 1409 2747 1697 2806; x_wconf 87' lang='lat' dir='ltr'>designauit:</span> <span class='ocrx_word' id='word_1_276' title='bbox 1742 2763 1843 2792; x_wconf 89' lang='lat' dir='ltr'>cru-</span> 
     </span>
     <span class='ocr_line' id='line_1_37' title="bbox 170 2806 1841 2866; baseline -0.001 -14"><span class='ocrx_word' id='word_1_277' title='bbox 170 2810 297 2852; x_wconf 89' lang='lat' dir='ltr'>ento’</span> <span class='ocrx_word' id='word_1_278' title='bbox 332 2822 370 2853; x_wconf 92' lang='lat' dir='ltr'>e.</span> <span class='ocrx_word' id='word_1_279' title='bbox 396 2823 438 2864; x_wconf 91' lang='lat' dir='ltr'>q.</span> <span class='ocrx_word' id='word_1_280' title='bbox 469 2823 502 2853; x_wconf 92' lang='lat' dir='ltr'>s.</span> <span class='ocrx_word' id='word_1_281' title='bbox 534 2808 780 2866; x_wconf 89' lang='lat' dir='ltr'>(Imbriis</span> <span class='ocrx_word' id='word_1_282' title='bbox 810 2807 967 2863; x_wconf 79' lang='lat' dir='ltr'>BaL1)</span> <span class='ocrx_word' id='word_1_283' title='bbox 998 2806 1246 2850; x_wconf 90' lang='lat' dir='ltr'>Diomedes</span> <span class='ocrx_word' id='word_1_284' title='bbox 1276 2822 1320 2863; x_wconf 88' lang='lat' dir='ltr'>p.</span> <span class='ocrx_word' id='word_1_285' title='bbox 1347 2812 1432 2852; x_wconf 83' lang='lat'>379</span> <span class='ocrx_word' id='word_1_286' title='bbox 1455 2807 1505 2852; x_wconf 89' lang='lat' dir='ltr'>P.</span> <span class='ocrx_word' id='word_1_287' title='bbox 1541 2807 1841 2865; x_wconf 84' lang='lat' dir='ltr'>‘grundire</span> 
     </span>
     <span class='ocr_line' id='line_1_38' title="bbox 172 2867 938 2922; baseline -0.003 -10"><span class='ocrx_word' id='word_1_288' title='bbox 172 2904 180 2912; x_wconf 90' lang='lat'><em>.</em></span> <span class='ocrx_word' id='word_1_289' title='bbox 202 2904 209 2912; x_wconf 94' lang='lat'><strong>.</strong></span> <span class='ocrx_word' id='word_1_290' title='bbox 231 2904 239 2912; x_wconf 95' lang='lat'><strong>.</strong></span> <span class='ocrx_word' id='word_1_291' title='bbox 266 2867 516 2912; x_wconf 88' lang='lat' dir='ltr'>Caecilius:</span> <span class='ocrx_word' id='word_1_292' title='bbox 548 2869 757 2912; x_wconf 87' lang='lat' dir='ltr'>cruento’</span> <span class='ocrx_word' id='word_1_293' title='bbox 785 2880 824 2911; x_wconf 93' lang='lat' dir='ltr'>e.</span> <span class='ocrx_word' id='word_1_294' title='bbox 842 2881 885 2922; x_wconf 86' lang='lat' dir='ltr'>q.</span> <span class='ocrx_word' id='word_1_295' title='bbox 904 2881 938 2910; x_wconf 88' lang='lat' dir='ltr'>s.</span> 
     </span>
    </p>

    <p class='ocr_par' dir='ltr' id='par_1_14' title="bbox 287 2926 1138 2985">
     <span class='ocr_line' id='line_1_39' title="bbox 287 2926 1138 2985; baseline -0.001 -15"><span class='ocrx_word' id='word_1_296' title='bbox 287 2926 352 2971; x_wconf 82' lang='lat' dir='ltr'>cf.</span> <span class='ocrx_word' id='word_1_297' title='bbox 380 2926 587 2985; x_wconf 85' lang='lat' dir='ltr'>Scaliger</span> <span class='ocrx_word' id='word_1_298' title='bbox 610 2926 738 2972; x_wconf 86' lang='lat' dir='ltr'>Coni.</span> <span class='ocrx_word' id='word_1_299' title='bbox 763 2926 959 2970; x_wconf 86' lang='lat' dir='ltr'>inVarr.</span> <span class='ocrx_word' id='word_1_300' title='bbox 976 2940 1020 2982; x_wconf 87' lang='lat' dir='ltr'>p.</span> <span class='ocrx_word' id='word_1_301' title='bbox 1041 2930 1138 2970; x_wconf 88' lang='lat'>158.</span> 
     </span>
    </p>
   </div>
  </div>
 </body>
</html>
