2060 3140
771 133 861 180 cN.
892 133 1159 178 NAEVIvs
1207 105 1211 108 ’
1730 134 1798 187 15

921 273 995 320 VI

121 360 299 416 Nimis
337 359 499 412 homo
537 358 955 411 formidulosust.
1830 371 1887 411 45

157 520 166 529 .
224 459 478 541 ‘C’harisius
501 475 545 516 p.
567 464 651 504 186
667 460 717 504 P.
754 457 946 502 ‘nimis
969 457 1178 502 Naeuius
1203 494 1212 504 .
1234 493 1243 502 .
1264 493 1272 502 .
1301 457 1427 501 idem
1449 457 1499 500 in
1524 457 1799 503 Corollaria:

118 535 260 564 nimis
313 533 350 564 e.
376 534 418 575 q.
446 534 480 563 s.

237 607 567 652 formidulosus
600 609 671 651 est
701 608 795 652 cod.

908 687 1006 734 VII

1092 754 1173 825 st'‚
1213 758 1349 824 tace,

121 831 261 885 Caue
298 831 526 884 uerbum
564 830 722 883 faxis!

239 931 474 977 Charisius
498 946 542 988 p.
563 936 649 975 214
665 930 715 974 P.
749 930 828 973 ‘st’
855 929 944 988 (ita
965 929 1208 974 Fabricius
1233 931 1281 974 et
1303 929 1564 974 Putschius.
1613 928 1659 973 it
1682 929 1799 986 cod.)

239 1026 261 1064 1
297 1022 340 1064 st
363 1022 467 1064 tace
486 1019 728 1076 Hauptius
744 1019 911 1063 Philol.
929 1019 951 1061 I
968 1022 1053 1062 376
1087 1017 1234 1062 setale
1250 1019 1344 1064 cod.
1380 1019 1423 1062 st
1438 1018 1536 1062 tale
1555 1018 1799 1064 Fabricius

891 1129 1016 1176 VIII
1098 1151 1101 1154 *

116 1199 263 1252 Haec
302 1199 575 1252 demolite!
1495 1235 1497 1237 ·
1827 1229 1884 1268 48

235 1299 485 1344 Diomedes
514 1315 559 1357 p.
587 1303 672 1343 395
696 1299 745 1344 P.
791 1299 1062 1344 ‘demolio
1096 1336 1103 1343 .
1133 1336 1140 1343 .
1169 1335 1178 1343 .
1211 1299 1420 1344 Naeuius
1459 1299 1511 1343 in
1542 1299 1798 1344 Corollaria

118 1360 163 1404 h.
198 1360 240 1404 d.
272 1359 460 1415 inquit.’

919 1425 990 1472 IX

119 1494 402 1548 diuidiaest

237 1594 386 1639 Varro
412 1594 469 1638 de
492 1594 524 1640 l.
548 1594 579 1638 1.
596 1594 683 1639 VH
699 1599 755 1639 60
771 1594 833 1640 M.
871 1594 938 1638 ‘in
967 1594 1226 1640 Mercatore
1251 1596 1401 1655 [615]:
1432 1609 1527 1640 non
1557 1594 1648 1640 tibi
1677 1594 1799 1639 istuc

120 1653 271 1710 magis
313 1652 632 1698 diuidiaest
670 1668 811 1710 quam
848 1653 915 1697 mi
953 1653 1092 1698 hodie
1123 1654 1226 1700 fuit.
1289 1655 1393 1698 hoc
1429 1654 1579 1699 idem
1618 1656 1704 1698 est
1741 1654 1798 1697 in

124 1712 447 1757 Corollaria
469 1712 664 1757 Naeui.
721 1712 902 1757 diuidia
933 1713 993 1757 ab
1026 1713 1279 1758 diuidendo
1305 1714 1446 1770 dicta,
1480 1714 1605 1769 quod
1628 1713 1797 1757 diuisio

121 1771 364 1815 distractio
383 1773 455 1815 est
472 1771 677 1816 doloris.'
722 1772 826 1816 hoc
850 1772 1155 1821 eademest
1177 1773 1235 1816 in
1259 1772 1573 1817 corollaria
1595 1772 1797 1816 neuius

118 1830 240 1875 Flor.
274 1844 379 1874 cum
410 1830 575 1875 ceteris
606 1830 760 1887 libris,
800 1833 854 1875 ut
890 1831 996 1876 hoc
1036 1833 1230 1876 eodem
1259 1834 1423 1876 usust
1452 1831 1669 1876 videatur
1700 1845 1798 1875 cor-

117 1889 522 1993 ggeffiffie'rssiffi
571 1889 1523 1994 2221250135305311i51120113ss2z2i3.
1544 1890 1796 1994 {15¹¹ssssss

121 2007 266 2064 symb.
291 2008 313 2051 I
339 2012 422 2052 158
453 2022 548 2052 non
577 2008 854 2064 Varronem,
895 2009 977 2052 sed
1014 2008 1236 2053 lectorem
1274 2009 1480 2065 aliquem
1515 1965 1690 2053 statui?P
1714 2009 1795 2052 ad.-

119 2065 380 2124 scripsisse‚
419 2067 523 2111 hoc
555 2081 583 2111 a
614 2069 871 2111 correctore
901 2067 952 2111 in
980 2068 1191 2125 margine
1221 2067 1371 2113 videri
1399 2068 1606 2126 positum
1635 2067 1794 2124 fuisse,

117 2139 210 2181 quo
250 2125 590 2183 significaretur
627 2126 864 2171 hocedie
904 2126 954 2170 in
991 2141 1127 2171 versu
1157 2127 1452 2184 Mercatoris‚
1491 2142 1586 2172 non
1623 2127 1794 2171 hodie

117 2184 367 2242 legendum
415 2199 536 2242 esse,
581 2185 814 2230 Naevium
860 2199 968 2230 vero
1013 2185 1155 2244 plane
1193 2187 1357 2231 eodem
1394 2186 1621 2231 versiculo
1659 2200 1795 2230 usum

115 2243 273 2288 fuisse.
338 2243 466 2298 Quae
499 2244 656 2289 omnia
687 2260 828 2301 quam
859 2245 954 2289 sint
983 2245 1162 2290 incerta
1191 2259 1328 2290 nemo
1358 2260 1453 2290 non
1485 2245 1666 2291 sentiet.
1727 2245 1792 2291 Cf.

117 2302 393 2360 Fulgentius
417 2308 524 2361 565,
549 2309 589 2348 3.

117 2438 398 2491 confestim
932 2372 976 2418 X

213 2539 470 2584 *Charisius
501 2555 545 2596 p.
573 2545 656 2585 177
681 2541 731 2585 P.
767 2541 1097 2586 ‘confestim
1122 2577 1130 2586 .
1152 2578 1160 2585 .
1182 2578 1190 2586 .
1216 2541 1424 2586 Naeuius
1456 2541 1506 2585 in
1534 2542 1793 2587 Tarentilla

116 2600 165 2642 et
192 2598 243 2642 in
275 2598 561 2643 Corollaria.’
823 2598 826 2601 ’
1763 2608 1765 2610 ’

919 2667 991 2715 XI

117 2734 214 2786 trit

234 2819 470 2864 Charisius
501 2835 545 2877 p.
565 2825 650 2864 213
667 2821 717 2866 P.
753 2821 885 2866 ‘trit
914 2821 1122 2866 Naeuius
1153 2821 1203 2865 in
1235 2821 1503 2867 Corollaria.
1559 2821 1793 2878 significat

119 2879 295 2934 autem,
334 2880 388 2922 ut
426 2878 497 2922 ait
524 2879 720 2924 Plautus
759 2879 809 2924 in
841 2881 1064 2937 quadam,
1105 2879 1332 2937 crepitum
1368 2881 1701 2939 polentarium,
1740 2882 1791 2924 id

123 2938 195 2980 est
229 2936 473 2993 peditum.’
538 2953 571 2982 s.
613 2941 800 2983 autem
837 2954 1030 2985 uocem
1066 2955 1278 2983 murum
1310 2939 1380 2984 ed.
1411 2955 1502 2997 pr.‚
1541 2941 1699 2985 nescio
1731 2955 1791 2984 an
