2060 3140
285 131 394 183 254
930 129 979 173 L.
1008 128 1314 173 AFRANIVS

405 267 427 305 1
463 264 511 306 et
541 261 665 306 enim
696 261 789 306 Leo
813 262 891 306 Pl.
920 260 975 304 F.
1002 265 1089 305 304
1218 266 1244 304 2
1276 260 1357 317 qui
1387 260 1640 318 propositis
1672 263 1782 318 cod„
1815 268 1964 308 trans-

276 323 426 378 posui.
460 320 541 377 qui
570 319 850 377 praepositis
881 321 948 364 ed.
975 335 1049 377 pr.
1177 333 1380 363 noenum
1408 322 1572 377 scripsi
1607 325 1684 378 nc,
1715 323 1746 365 i.
1772 336 1807 366 e.
1839 336 1966 365 nunc

282 382 378 425 cod.
499 381 579 435 qui
608 394 653 435 p.
685 393 780 422 non
810 378 913 422 Rue
1032 378 1146 434 quin
1175 380 1339 436 scripsi
1377 378 1458 434 qui
1487 381 1581 424 cod.

1059 531 1178 579 XVI

273 618 456 674 Homo
494 617 812 669 mulierosus
851 615 1088 668 conferet
1125 602 1210 668 me
1250 615 1355 669 alio
1394 615 1537 669 ssicO.

394 718 573 762 Nonius
607 723 677 774 28,
710 722 766 761 25
786 716 1123 768 &mulierosi
1155 716 1271 760 dicti
1301 716 1549 761 mulierum
1580 720 1888 775 appetentes)

395 806 602 850 conferet
637 819 712 849 me
758 808 839 863 (an
877 819 926 849 se
935 808 973 862 ·?)
1021 805 1115 849 alio
1152 805 1264 850 ilico
1303 807 1474 851 conieci
1512 806 1691 850 confert
1736 820 1811 851 me
1848 806 1959 852 ilico

276 865 370 910 alio
409 883 443 910 ω
491 865 585 910 alio
625 865 806 909 confert
841 879 917 909 me
953 864 1083 909 illico
1122 866 1319 910 Bothius
1364 864 1545 909 confert
1591 865 1684 910 alio
1730 879 1804 910 me
1847 866 1960 910 ilico

280 926 596 983 Quicheratius
631 924 811 969 confert
841 926 914 967 me
947 923 1041 968 alio
1072 923 1183 968 ilico
1216 925 1320 968 Bue

272 1162 416 1215 Dum
455 1164 609 1232 (me)
628 1163 992 1234 *morigeram,
1032 1162 1158 1215 dum
1195 1181 1463 1216 morosam
1501 1163 1746 1234 praebeo,

271 1251 476 1304 Deinde
515 1251 719 1321 aliquid
758 1252 935 1304 dedita
973 1252 1137 1321 opera
1175 1251 1570 1304 controuersiae

274 1340 561 1410 Concinno,
597 1340 749 1393 laedo
789 1340 1059 1393 interdum
1097 1340 1451 1393 contumeliis.

387 1441 567 1485 Nonius
599 1446 700 1498 433,
726 1446 782 1485 28
817 1442 1083 1498 ‘morata,
1116 1441 1242 1497 quod
1273 1443 1346 1485 est
1375 1440 1623 1498 morigera,
1656 1443 1704 1485 et
1733 1453 1958 1485 morosa

269 1501 390 1544 'nanc
428 1501 607 1544 habent
644 1499 942 1557 distantiam,
983 1500 1109 1556 quod
1146 1514 1331 1544 morosa
1369 1502 1442 1544 est
1481 1499 1726 1544 contrariis
1767 1502 1816 1544 et
1851 1514 1955 1556 per-

269 1559 416 1604 uersis
446 1559 665 1605 moribus.
672 1561 685 1582 ’
750 1561 971 1616 (‘m0rata
1010 1562 1082 1603 est
1118 1559 1369 1617 morigera’
1403 1559 1526 1603 inter
1555 1559 1721 1615 ‘quod'
1757 1561 1805 1603 et
1838 1560 1954 1603 ‘mo-

267 1620 392 1663 rosa’
425 1618 590 1663 inserit
618 1621 666 1677 x)
726 1620 856 1663 Idem
886 1624 987 1675 529,
1021 1624 1047 1663 6
1090 1618 1325 1674 ‘quotiens
1364 1632 1534 1676 genere
1572 1621 1739 1662 neutro
1778 1618 1952 1675 plurali

267 1691 458 1722 numero
483 1692 655 1735 opera
677 1677 942 1736 legerimus,
976 1677 1300 1735 significantur
1322 1677 1567 1723 fabricae.
1619 1692 1759 1722 .cum
1782 1691 1952 1735 genere

266 1737 490 1782 feminino
519 1751 711 1782 numero
743 1736 991 1794 singulari,
1030 1737 1195 1781 intelle
1197 1737 1399 1794 gendum
1431 1739 1515 1781 aut
1555 1751 1670 1794 opus
1701 1737 1780 1780 uel
1816 1736 1954 1780 labor

265 1811 350 1853 pro
388 1798 599 1878 mercede
636 1799 824 1854 sumpta
856 1796 1180 1842 ..Afranius
1211 1796 1436 1853 Vopisco·
1478 1796 1685 1840 deinde
1821 1810 1952 1840 con-

267 1856 468 1901 Clnn0.'

385 1950 407 1988 1
440 1958 514 1989 me
546 1946 849 2002 Passeratius,
881 1959 963 1990 om.
989 1962 1024 1989 ω
1158 1950 1182 1988 2
1217 1944 1416 2004 aliquid]
1448 1944 1499 1988 id
1532 1947 1630 2003 (om.
1653 1944 1790 2001 Golb.)
1823 1943 1949 1999 quod

263 2021 298 2048 ω
324 2019 373 2062 Ρ.
399 2009 484 2049 529
605 2004 923 2049 controuersia
953 2005 1029 2049 Ba
1058 2019 1103 2062 Ρ.
1132 2009 1217 2049 529
1338 2009 1365 2048 3
1398 2003 1594 2048 eacinno
1624 2004 1703 2048 Ba
1727 2018 1775 2060 Ρ.
1803 2007 1887 2046 529

1018 2174 1189 2222 XVIII

174 2269 287 2309 375.
366 2301 377 2312 .
453 2259 781 2311 tumultuose
820 2262 874 2311 et
912 2258 1118 2311 cunctis
1155 2257 1324 2327 copiis

381 2358 616 2404 Charisius
647 2374 691 2416 p.
713 2364 796 2404 197
827 2360 877 2404 Ρ.
913 2358 1327 2403 ‘tumultuose’

1038 2515 1155 2561 XIX

258 2596 523 2651 Exclddat
560 2618 697 2653 uxor
736 2599 847 2652 tam
886 2598 1214 2652 confidenter
1252 2597 1466 2650 uirum?

257 2685 382 2740 Non
418 2687 590 2741 faciet.

372 2787 551 2832 Nonius
584 2794 683 2846 262,
710 2794 765 2833 16
800 2787 1178 2833 ‘confidentia
1213 2801 1395 2830 rursum
1425 2785 1684 2842 temeritas,
1728 2785 1928 2830 audacia

287 2882 295 2889 .
317 2882 324 2889 .
346 2882 354 2889 .
386 2847 604 2892 Afranius
629 2848 853 2906 Vopisco:
885 2847 1119 2892 excludat'
1149 2860 1186 2890 e.
1213 2861 1255 2901 q.
1283 2861 1317 2890 s.

373 2939 398 2978 2
430 2935 578 2980 faciat
610 2938 688 2981 W¹
