2060 3140
678 116 990 163 ufflcmws
1021 117 1271 162 s'rA'rIvs
1750 117 1822 170 93

870 256 1080 305 XXXVI

131 342 419 396 Leontium

252 441 487 488 Charisius
511 457 555 500 p.
575 442 695 487 80P.
729 441 975 486 ‘Leontion
1007 444 1055 486 et
1085 441 1279 486 Crusion
1310 443 1358 485 et
1388 440 1587 485 Panion’
1625 440 1817 498 (Chry-

131 502 259 547 sion
290 501 566 559 Spengeh‘us
598 501 902 558 thyrusion
933 503 988 545 et
1021 500 1261 545 faunion
1291 500 1439 558 Neap
1471 500 1739 545 thrusion
1770 502 1818 544 et

130 560 385 628 paunion
424 563 642 618 excerpta
675 560 802 617 Par)
847 561 923 604 ‘ex
959 559 1137 604 neutris
1169 559 1359 604 Graecis
1390 559 1618 604 feminina
1648 559 1815 604 nostri’

130 620 218 678 (sic
254 619 434 664 Keilius
476 621 696 664 ‘’neutra
737 619 871 676 Neap
875 621 904 677 .)
951 619 1118 663 ‘fecere
1148 633 1178 665 *
1208 621 1258 663 et
1295 618 1491 663 Plautus
1530 619 1658 675 quod
1696 618 1820 662 dixit

132 680 249 724 haec
279 678 598 736 Phronesium,
631 681 680 723 et
710 678 940 724 Caecilius
970 677 1295 723 Leontium'
1330 678 1484 735 (haec
1511 677 1817 723 Leontium

130 737 406 796 Fabricius).
468 737 747 795 Chrysion
789 736 955 782 fabula
996 736 1292 793 Caeciliana3
1333 736 1522 782 ’Φοί-νων
1567 737 1818 781 Menandri

131 797 389 854 comoedia,
422 797 696 842 Phanium
725 797 776 840 in
799 796 1006 841 Terentii
1029 796 1306 841 Phormione
1331 811 1373 841 V.
1399 801 1500 841 201.
1518 801 1604 841 218
1629 796 1816 854 legitur.

857 951 1092 998 XXXVII

283 1050 544 1103 Horatius
582 1068 626 1103 a.
665 1069 715 1119 p.
756 1050 863 1103 238
905 1050 986 1102 ‘ut
1029 1049 1169 1102 nihil
1206 1049 1418 1103 intersit
1455 1048 1710 1102 Dauusne
1747 1047 1823 1102 lo-

135 1141 333 1209 quatur
355 1142 410 1191 et
441 1138 643 1191 audax
671 1137 941 1207 Pythias
963 1141 1264 1191 *e‘muncto
1295 1139 1544 1191 lucrata
1569 1136 1823 1191 Simone

135 1227 473 1296 talentum,
512 1225 600 1279 An
639 1229 818 1279 custos
855 1226 1193 1296 famulusque
1226 1227 1310 1280 dei
1342 1226 1554 1281 Silenus
1583 1225 1823 1279 alumni?

138 1316 342 1370 Comm.
384 1314 543 1385 Cruq.
582 1316 638 1367 in
677 1315 710 1368 1.
742 1315 775 1368 1.
832 1314 1125 1384 ‘Pythias
1165 1334 1443 1386 persona
1482 1315 1723 1369 comica
1761 1315 1826 1366 in

135 1404 461 1457 comoedia
504 1403 771 1457 Lucilii'
820 1402 1009 1476 (immo
1051 1403 1356 1476 Caecilii)
1406 1404 1594 1474 ‘quae
1643 1403 1828 1456 indu-

137 1494 308 1546 citur
346 1511 456 1562 per
493 1493 768 1546 astutias
806 1494 1096 1563 accipere
1135 1496 1536 1565 argentuma
1559 1491 1825 1546 Simo-ne

136 1582 391 1635 domino
429 1600 541 1635 suo
580 1582 646 1634 in
684 1582 893 1635 dotem
930 1583 1147 1636 filiae?

246 1682 322 1728 Cf
347 1682 662 1728 Pseudoacro.
689 1683 810 1727 (11011
836 1682 968 1728 dicit
975 1684 1034 1728 de
1052 1684 1230 1742 Pythia
1253 1683 1550 1741 Terentiana,
1585 1683 1668 1727 sed
1699 1695 1820 1738 quae

136 1742 264 1799 apud
298 1741 585 1785 Lucilium
623 1741 1199 1809 comoediographum
1236 1743 1493 1788 inducitur’
1540 1720 1628 1799 (sic
1659 1742 1763 1786 Par.
1795 1759 1823 1799 γ

133 1800 427 1845 lucillium
473 1801 784 1858 satyricum
830 1801 1127 1847 inducitur
1164 1802 1243 1847 ed
1275 1804 1407 1847 Rom.
1441 1817 1483 1846 a.
1517 1806 1633 1846 1474
1668 1800 1827 1844 luci-

133 1859 274 1904 lium
326 1859 624 1904 inducitur
677 1861 1265 1919 tragoediographum
1318 1861 1437 1918 rell.)
1494 1859 1687 1905 ‘ancilla
1739 1873 1823 1916 per

136 1919 337 1963 astutias
378 1918 589 1986 accipere
630 1922 876 1986 argentum
908 1934 936 1964 a
967 1920 1170 1966 domino.
1231 1935 1342 1965 nam
1378 1919 1550 1965 fefellit
1581 1918 1822 1963 dominum

136 1981 186 2022 et
233 1977 415 2035 accepit
461 1978 521 2022 ab
569 1991 623 2022 eo
671 1977 855 2036 argenti
901 1979 1153 2026 talentum:
1200 1979 1292 2024 fuit
1338 1979 1463 2024 enim
1501 1979 1618 2023 haec
1657 1978 1823 2022 eadem

136 2037 433 2082 meretricula
471 2051 639 2094 rapax,
677 2040 732 2082 ut
771 2038 933 2094 Thais,
978 2053 1099 2095 quae
1136 2039 1317 2083 lucrum
1360 2038 1511 2084 facit.’
1576 2036 1825 2082 Caecilii

135 2109 306 2141 nomen
350 2095 692 2141 restituendum
738 2110 838 2141 6666
876 2100 1001 2142 recte
1038 2097 1222 2143 monuit
1260 2098 1481 2153 Orellius,
1531 2099 1708 2141 certam
1747 2110 1823 2140 co-

136 2155 371 2258 molediam
422 2156 669 2200 Horatium
732 2156 923 2201 innuere
976 2156 1094 2202 miro
1148 2157 1322 2202 iudicio
1383 2158 1529 2214 negat
1582 2155 1823 2200 Dieterich

137 2216 208 2259 Pu
229 2229 266 2259 6.
305 2219 402 2259 126.

855 2326 1116 2374 XXXVIII

138 2410 351 2481 gnoscit

139 2570 190 2613 Μ
256 2510 505 2627 Diomedes
546 2525 591 2568 p.
625 2515 710 2557 378
736 2511 791 2556 Ῥ.
827 2511 1080 2570 ‘gnoscit
1120 2511 1187 2555 ait
1218 2508 1485 2556 'Caecilius’
1543 2509 1827 2568 (ignoscit

192 2584 322 2614 onac.

879 2681 1087 2729 XXXIX

140 2764 442 2817 facilioreis.
519 2765 842 2818 sanctioreis

260 2864 495 2909 Charisius
526 2881 570 2922 p.
599 2870 684 2910 104
706 2866 756 2910 P.
792 2865 1141 2911 ‘facilioreis
1175 2865 1418 2923 CaeciliuS,
1449 2865 1605 2922 inquit
1628 2865 1823 2922 Plinius,

127 2917 267 2966 *idem
298 2926 346 2968 et
378 2924 727 2969 sanctioreis
760 2925 861 2970 ait’
