2060 3140
263 145 371 205 252
907 146 958 191 L.
986 146 1258 192 AFRANIV
1261 147 1290 192 S

378 282 559 328 Nonius
592 283 691 336 280,
717 284 772 323 23
807 278 1015 322 ‘dicere
1056 278 1200 323 etiam
1232 280 1505 336 promittere
1538 315 1548 326 .
1569 317 1607 326 ..
1639 281 1859 327 Afranius
1890 282 1941 326 in

262 343 486 401 Vopiscot
517 339 678 397 igitur’
710 351 749 384 e.
774 353 818 393 q.
844 353 878 381 s.
1275 339 1278 342 ’
1937 366 1942 372 ,

382 437 405 474 1
439 429 625 486 quiesce
656 429 704 471 et
734 427 926 483 Lipsius
955 425 1166 481 quiescess
1195 435 1234 484 ψ
1265 427 1452 483 quiesce
1483 429 1527 474 A
1541 429 1603 473 M
1725 435 1752 474 2
1785 429 1943 475 dictae

262 504 491 548 suprascr.
518 488 562 532 L

1034 596 1160 644 VIII

261 682 610 751 Voluptatem
650 680 801 749 capio
839 680 1151 750 maximam)
1189 681 1415 733 eruciz'zri
1453 684 1546 734 tua
1584 685 1638 735 te
1677 683 1854 753 ofilpzz,
2041 744 2043 746 ³

264 771 367 835 Qui
400 771 464 823 de
494 773 548 822 te
580 771 634 821 et
666 769 728 821 de
759 768 867 821 illa.
884 769 1134 839 pessime,
1164 787 1325 838 quam
1355 770 1589 841 deamaS,
1626 773 1947 840 promerere.
2036 759 2038 763 ’

379 871 561 916 Nonius
593 875 664 927 97,
696 875 752 914 22
787 869 1085 927 ‘deamare,
1117 870 1441 915 uehementius
1473 872 1664 916 amare)

383 965 406 1004 1
439 959 732 1016 uoluptatem
771 959 928 1003 Vrbin.
957 962 1043 1002 307
1081 958 1378 1004 uoluntatem
1417 978 1452 1017 φ
1601 963 1649 1005 te
1686 963 1771 1005 tua
1808 963 1946 1008 tacite

268 1021 440 1067 Onions
559 1024 585 1062 2
618 1018 675 1062 de
705 1019 753 1061 te
786 1018 990 1076 Scaliyer
1019 1018 1101 1062 det
1132 1020 1201 1075 (in
1223 1034 1313 1064 ras.
1339 1020 1420 1077 W)
1453 1037 1487 1063 ω
1607 1020 1808 1076 pessime
1833 1021 1945 1066 Pal-

263 1081 432 1129 merius
468 1078 673 1135 pessima.
702 1094 737 1121 ω
857 1090 1077 1134 promere·
1099 1078 1143 1122 L

1065 1217 1137 1264 IX

263 1304 334 1357 Di
372 1303 476 1356 tssoi
515 1303 641 1355 dent
677 1301 896 1371 propria
938 1302 1302 1370 quaecumque
1342 1303 1562 1371 exoptes
1598 1302 1754 1356 bona.

381 1403 561 1448 Nonius
593 1407 693 1459 362,
727 1408 783 1447 14
825 1401 1138 1459 ‘proprium
1175 1417 1359 1446 rursum
1398 1402 1634 1460 significat
1670 1405 1947 1461 perpetuum

392 1462 611 1510 Afranius
634 1462 860 1519 Vopisco:
894 1461 986 1505 dii’
1014 1475 1052 1506 e.
1079 1476 1122 1517 q.
1149 1476 1183 1506 s.
1233 1461 1534 1519 Comparavit
1566 1463 1949 1508 Schneidewinus

263 1523 560 1595 Homericum
595 1535 799 1567 versum:
845 1522 918 1565 σοὶ
958 1519 1010 1566 δὲ
1048 1522 1158 1565 θεοὶ
1194 1519 1310 1566 τόσα
1349 1524 1498 1578 δοῖεν,
1542 1520 1628 1566 ὅσα
1667 1524 1804 1580 φρεσὶ
1842 1528 1951 1583 σῇσι

264 1599 496 1644 μενοινᾳς.

380 1670 571 1728 propria
603 1670 716 1714 dent
746 1670 792 1713 A

1083 1765 1128 1812 X

355 1895 364 1905 .
441 1851 625 1904 sinunt
665 1850 717 1903 di
757 1853 811 1904 et.
847 1851 1009 1920 p6rr0
1047 1849 1298 1918 passur6s
1337 1849 1462 1902 sei0.

383 1951 619 1997 Charisius
650 1966 694 2008 p.
723 1956 808 1995 190
838 1951 888 1996 P.
925 1951 1116 2007 ‘porro
1254 1964 1339 2007 pro
1377 1950 1578 2009 longius.
1638 1951 1860 1995 Afmnius
1898 1951 1955 1995 in

264 2011 488 2069 Vopisco:
522 2011 698 2055 sinunt’
726 2024 763 2055 e.
790 2025 833 2066 q.
861 2025 895 2055 s,
1631 2021 1633 2023 ·

383 2103 432 2204 eciz:
459 2114 584 2147 nunc
613 2100 917 2156 supplmdum
945 2113 1036 2144 esse
1065 2100 1243 2144 monuit
1271 2100 1375 2144 Bue
1487 2098 1648 2143 sinunt
1677 2099 1726 2142 di
1759 2101 1806 2143 et
1836 2101 1951 2157 cod„

265 2173 351 2206 om.
375 2175 397 2204 e
433 2196 442 2204 .
461 2175 536 2216 pr.

1073 2268 1144 2316 XI

178 2368 263 2407 360
281 2352 594 2424 Anisquitas
631 2353 859 2423 petenda
896 2354 952 2406 in
990 2352 1254 2422 principio
1295 2354 1376 2405 est
1412 2352 1567 2406 mihi:

281 2442 502 2496 Mai6ris
539 2443 706 2495 uestri
745 2441 1094 2511 inmipidioris
1130 2440 1363 2493 h'berum

281 2531 465 2584 Fuere.

383 2632 564 2677 Nonius
595 2637 703 2687 496,
738 2637 763 2675 3
806 2630 1195 2675 ‘accusatiuus
1240 2630 1421 2675 numeri
1470 2630 1720 2687 singularis
1765 2630 1949 2687 positus

266 2705 349 2747 pro
381 2691 601 2748 genetiuo
632 2691 806 2749 plurali
839 2727 848 2736 .
869 2729 878 2737 .
899 2727 907 2735 .
928 2726 937 2735 .
969 2690 1190 2735 Afranius
1213 2690 1438 2747 Vopisco:
1472 2690 1750 2746 antiquitas’
1778 2704 1815 2734 e.
1842 2705 1885 2745 q.
1912 2705 1946 2734 S.

267 2750 467 2807 Prologo
500 2750 728 2795 adscribit
759 2751 808 2795 F.
833 2751 979 2795 Marx.

388 2844 410 2881 1
452 2839 706 2895 repetenda
744 2840 942 2884 Bothius
985 2838 1241 2894 spectanda
1277 2852 1311 2882 x
1482 2843 1507 2880 2
1547 2838 1951 2883 Nominativorum

267 2897 438 2951 formas
474 2897 665 2942 maioris
707 2935 716 2942 .
745 2934 753 2943 .
782 2935 791 2943 .
832 2897 1137 2954 incupidioris
1176 2902 1353 2942 mutare
1389 2898 1532 2941 nolui.
1695 2895 1950 2952 cupidioris

271 2955 389 3004 Cozb.
