<?xml version="1.0" encoding="UTF-8"?>
<!DOCTYPE html PUBLIC "-//W3C//DTD XHTML 1.0 Transitional//EN"
    "http://www.w3.org/TR/xhtml1/DTD/xhtml1-transitional.dtd">
<html xmlns="http://www.w3.org/1999/xhtml" xml:lang="en" lang="en">
 <head>
  <title>
</title>
<meta http-equiv="Content-Type" content="text/html;charset=utf-8" />
  <meta name='ocr-system' content='tesseract 3.04.00' />
  <meta name='ocr-capabilities' content='ocr_page ocr_carea ocr_par ocr_line ocrx_word'/>
</head>
<body>
  <div class='ocr_page' id='page_1' title='image "./scaenicaeromanor02ribbuoft_0361.png"; bbox 0 0 2060 3140; ppageno 0'>
   <div class='ocr_carea' id='block_1_1' title="bbox 681 97 1807 151">
    <p class='ocr_par' dir='ltr' id='par_1_1' title="bbox 681 97 1807 151">
     <span class='ocr_line' id='line_1_1' title="bbox 681 97 1807 151; baseline 0 -9"><span class='ocrx_word' id='word_1_1' title='bbox 681 97 944 144; x_wconf 82' lang='lat' dir='ltr'>DEOIMVS</span> <span class='ocrx_word' id='word_1_2' title='bbox 975 97 1270 143; x_wconf 81' lang='lat' dir='ltr'>LABERIVS</span> <span class='ocrx_word' id='word_1_3' title='bbox 1700 98 1807 151; x_wconf 84' lang='lat'>349</span> 
     </span>
    </p>
   </div>
   <div class='ocr_carea' id='block_1_2' title="bbox 142 230 1811 524">
    <p class='ocr_par' dir='ltr' id='par_1_2' title="bbox 142 230 1811 524">
     <span class='ocr_line' id='line_1_2' title="bbox 259 230 1809 288; baseline 0 -14"><span class='ocrx_word' id='word_1_4' title='bbox 259 230 439 274; x_wconf 88' lang='lat' dir='ltr'>Nonius</span> <span class='ocrx_word' id='word_1_5' title='bbox 465 235 563 286; x_wconf 89' lang='lat'>151,</span> <span class='ocrx_word' id='word_1_6' title='bbox 588 235 644 275; x_wconf 82' lang='lat'>28</span> <span class='ocrx_word' id='word_1_7' title='bbox 676 230 1062 287; x_wconf 84' lang='lat' dir='ltr'>‘portisculus’</span> <span class='ocrx_word' id='word_1_8' title='bbox 1091 230 1460 288; x_wconf 85' lang='lat' dir='ltr'>(postiseulus</span> <span class='ocrx_word' id='word_1_9' title='bbox 1491 230 1653 274; x_wconf 89' lang='lat' dir='ltr'>Bamb.</span> <span class='ocrx_word' id='word_1_10' title='bbox 1684 243 1809 287; x_wconf 88' lang='lat' dir='ltr'>per-</span> 
     </span>
     <span class='ocr_line' id='line_1_3' title="bbox 142 289 1811 347; baseline -0.002 -12"><span class='ocrx_word' id='word_1_11' title='bbox 142 289 385 335; x_wconf 87' lang='lat' dir='ltr'>tiseulus</span> <span class='ocrx_word' id='word_1_12' title='bbox 416 305 499 334; x_wconf 87' lang='lat' dir='ltr'>ms.</span> <span class='ocrx_word' id='word_1_13' title='bbox 521 289 677 347; x_wconf 85' lang='lat' dir='ltr'><strong>Fabri)</strong></span> <span class='ocrx_word' id='word_1_14' title='bbox 705 290 904 347; x_wconf 82' lang='lat' dir='ltr'><strong>‘proprie</strong></span> <span class='ocrx_word' id='word_1_15' title='bbox 936 291 1007 334; x_wconf 86' lang='lat' dir='ltr'>est</span> <span class='ocrx_word' id='word_1_16' title='bbox 1035 289 1247 334; x_wconf 73' lang='lat' dir='ltr'>hortator</span> <span class='ocrx_word' id='word_1_17' title='bbox 1275 289 1515 346; x_wconf 84' lang='lat' dir='ltr'>remigum,</span> <span class='ocrx_word' id='word_1_18' title='bbox 1546 289 1597 332; x_wconf 87' lang='lat' dir='ltr'>id</span> <span class='ocrx_word' id='word_1_19' title='bbox 1628 291 1699 333; x_wconf 92' lang='lat' dir='ltr'>est</span> <span class='ocrx_word' id='word_1_20' title='bbox 1729 289 1811 345; x_wconf 90' lang='lat' dir='ltr'>qui</span> 
     </span>
     <span class='ocr_line' id='line_1_4' title="bbox 144 348 1811 406; baseline -0.001 -13"><span class='ocrx_word' id='word_1_21' title='bbox 144 349 340 393; x_wconf 87' lang='lat' dir='ltr'>eandem</span> <span class='ocrx_word' id='word_1_22' title='bbox 360 348 588 405; x_wconf 85' lang='lat' dir='ltr'>perticam</span> <span class='ocrx_word' id='word_1_23' title='bbox 609 351 753 403; x_wconf 85' lang='lat' dir='ltr'>tenet,</span> <span class='ocrx_word' id='word_1_24' title='bbox 778 362 897 404; x_wconf 90' lang='lat' dir='ltr'>quae</span> <span class='ocrx_word' id='word_1_25' title='bbox 919 348 1198 406; x_wconf 71' lang='lat' dir='ltr'><strong>portisculus</strong></span> <span class='ocrx_word' id='word_1_26' title='bbox 1224 348 1407 404; x_wconf 84' lang='lat' dir='ltr'>dicitur,</span> <span class='ocrx_word' id='word_1_27' title='bbox 1436 362 1530 404; x_wconf 90' lang='lat' dir='ltr'>qua</span> <span class='ocrx_word' id='word_1_28' title='bbox 1553 350 1601 392; x_wconf 88' lang='lat' dir='ltr'>et</span> <span class='ocrx_word' id='word_1_29' title='bbox 1627 362 1811 392; x_wconf 84' lang='lat' dir='ltr'>cursum</span> 
     </span>
     <span class='ocr_line' id='line_1_5' title="bbox 143 407 1807 464; baseline 0 -12"><span class='ocrx_word' id='word_1_30' title='bbox 143 410 191 452; x_wconf 85' lang='lat' dir='ltr'>et</span> <span class='ocrx_word' id='word_1_31' title='bbox 214 407 565 451; x_wconf 81' lang='lat' dir='ltr'>exhortamenta</span> <span class='ocrx_word' id='word_1_32' title='bbox 586 408 854 452; x_wconf 74' lang='lat' dir='ltr'>moderatur</span> <span class='ocrx_word' id='word_1_33' title='bbox 880 445 887 452; x_wconf 94' lang='lat'>.</span> <span class='ocrx_word' id='word_1_34' title='bbox 916 445 923 452; x_wconf 92' lang='lat'>.</span> <span class='ocrx_word' id='word_1_35' title='bbox 952 445 960 452; x_wconf 93' lang='lat'><strong><em>.</em></strong></span> <span class='ocrx_word' id='word_1_36' title='bbox 984 408 1206 451; x_wconf 84' lang='lat' dir='ltr'>Laberius</span> <span class='ocrx_word' id='word_1_37' title='bbox 1232 407 1495 464; x_wconf 79' lang='lat' dir='ltr'>Cythera:</span> <span class='ocrx_word' id='word_1_38' title='bbox 1526 408 1629 452; x_wconf 84' lang='lat' dir='ltr'>nee&#39;</span> <span class='ocrx_word' id='word_1_39' title='bbox 1656 420 1694 452; x_wconf 93' lang='lat' dir='ltr'>e.</span> <span class='ocrx_word' id='word_1_40' title='bbox 1713 422 1755 463; x_wconf 90' lang='lat' dir='ltr'>q.</span> <span class='ocrx_word' id='word_1_41' title='bbox 1774 422 1807 452; x_wconf 84' lang='lat' dir='ltr'>S.</span> 
     </span>
     <span class='ocr_line' id='line_1_6' title="bbox 144 465 1547 524; baseline 0 -14"><span class='ocrx_word' id='word_1_42' title='bbox 144 467 408 524; x_wconf 88' lang='lat' dir='ltr'>(Hetaera</span> <span class='ocrx_word' id='word_1_43' title='bbox 439 465 596 511; x_wconf 90' lang='lat' dir='ltr'>Carrio</span> <span class='ocrx_word' id='word_1_44' title='bbox 627 467 817 511; x_wconf 88' lang='lat' dir='ltr'>Emend.</span> <span class='ocrx_word' id='word_1_45' title='bbox 850 467 872 510; x_wconf 97' lang='lat' dir='ltr'>I</span> <span class='ocrx_word' id='word_1_46' title='bbox 903 472 928 510; x_wconf 85' lang='lat'>2</span> <span class='ocrx_word' id='word_1_47' title='bbox 960 480 985 510; x_wconf 91' lang='lat' dir='ltr'>e</span> <span class='ocrx_word' id='word_1_48' title='bbox 1018 466 1364 510; x_wconf 79' lang='lat' dir='ltr'>‘sanctioribus&#39;</span> <span class='ocrx_word' id='word_1_49' title='bbox 1397 465 1547 523; x_wconf 91' lang='lat' dir='ltr'>libris)</span> 
     </span>
    </p>
   </div>
   <div class='ocr_carea' id='block_1_3' title="bbox 257 568 1547 627">
    <p class='ocr_par' dir='ltr' id='par_1_3' title="bbox 257 568 1547 627">
     <span class='ocr_line' id='line_1_7' title="bbox 257 568 1547 627; baseline -0.001 -13"><span class='ocrx_word' id='word_1_50' title='bbox 257 568 568 626; x_wconf 88' lang='lat' dir='ltr'>palmularum</span> <span class='ocrx_word' id='word_1_51' title='bbox 594 570 751 616; x_wconf 80' lang='lat' dir='ltr'>Carrio</span> <span class='ocrx_word' id='word_1_52' title='bbox 786 569 1046 627; x_wconf 78' lang='lat' dir='ltr'>paImarum</span> <span class='ocrx_word' id='word_1_53' title='bbox 1076 587 1111 614; x_wconf 88' lang='grc' dir='ltr'><strong><em>ω</em></strong></span> <span class='ocrx_word' id='word_1_54' title='bbox 1230 569 1450 627; x_wconf 83' lang='lat' dir='ltr'>porticuli</span> <span class='ocrx_word' id='word_1_55' title='bbox 1481 569 1547 613; x_wconf 74' lang='lat'>11²</span> 
     </span>
    </p>
   </div>
   <div class='ocr_carea' id='block_1_4' title="bbox 235 767 1474 937">
    <p class='ocr_par' dir='ltr' id='par_1_4' title="bbox 235 767 1474 937">
     <span class='ocr_line' id='line_1_8' title="bbox 873 767 1084 816; baseline 0.005 -1"><span class='ocrx_word' id='word_1_56' title='bbox 873 767 1084 816; x_wconf 83' lang='lat' dir='ltr'>IMAGO</span> 
     </span>
     <span class='ocr_line' id='line_1_9' title="bbox 235 865 1474 937; baseline 0 -19"><span class='ocrx_word' id='word_1_57' title='bbox 235 908 245 918; x_wconf 89' lang='lat'><strong>.</strong></span> <span class='ocrx_word' id='word_1_58' title='bbox 323 908 333 917; x_wconf 91' lang='lat'><strong>.</strong></span> <span class='ocrx_word' id='word_1_59' title='bbox 408 866 596 936; x_wconf 90' lang='lat' dir='ltr'>genius</span> <span class='ocrx_word' id='word_1_60' title='bbox 633 866 841 937; x_wconf 72' lang='lat' dir='ltr'>generis</span> <span class='ocrx_word' id='word_1_61' title='bbox 878 866 1026 935; x_wconf 75' lang='lat' dir='ltr'>(est)</span> <span class='ocrx_word' id='word_1_62' title='bbox 1065 865 1238 918; x_wconf 79' lang='lat' dir='ltr'>nostri</span> <span class='ocrx_word' id='word_1_63' title='bbox 1271 884 1474 935; x_wconf 85' lang='lat' dir='ltr'>parens.</span> 
     </span>
    </p>
   </div>
   <div class='ocr_carea' id='block_1_5' title="bbox 145 980 1809 1097">
    <p class='ocr_par' dir='ltr' id='par_1_5' title="bbox 145 980 1809 1097">
     <span class='ocr_line' id='line_1_10' title="bbox 260 980 1809 1038; baseline 0.001 -14"><span class='ocrx_word' id='word_1_64' title='bbox 260 980 439 1024; x_wconf 90' lang='lat' dir='ltr'>Nonius</span> <span class='ocrx_word' id='word_1_65' title='bbox 479 985 576 1036; x_wconf 89' lang='grc'>119,</span> <span class='ocrx_word' id='word_1_66' title='bbox 614 985 669 1024; x_wconf 85' lang='grc'>29</span> <span class='ocrx_word' id='word_1_67' title='bbox 719 980 943 1038; x_wconf 79' lang='lat' dir='ltr'>‘genius</span> <span class='ocrx_word' id='word_1_68' title='bbox 988 980 1244 1038; x_wconf 87' lang='lat' dir='ltr'>generis.’</span> <span class='ocrx_word' id='word_1_69' title='bbox 1315 980 1538 1024; x_wconf 83' lang='lat' dir='ltr'>Laberius</span> <span class='ocrx_word' id='word_1_70' title='bbox 1579 980 1809 1038; x_wconf 87' lang='lat' dir='ltr'>Imagine:</span> 
     </span>
     <span class='ocr_line' id='line_1_11' title="bbox 145 1039 1160 1097; baseline -0.002 -13"><span class='ocrx_word' id='word_1_71' title='bbox 145 1039 327 1097; x_wconf 85' lang='lat' dir='ltr'>genius’</span> <span class='ocrx_word' id='word_1_72' title='bbox 355 1053 393 1084; x_wconf 94' lang='lat' dir='ltr'>e.</span> <span class='ocrx_word' id='word_1_73' title='bbox 418 1054 461 1095; x_wconf 91' lang='lat' dir='ltr'>q.</span> <span class='ocrx_word' id='word_1_74' title='bbox 487 1054 520 1084; x_wconf 89' lang='lat' dir='ltr'>s.</span> <span class='ocrx_word' id='word_1_75' title='bbox 558 1043 749 1097; x_wconf 88' lang='lat' dir='ltr'>(genus</span> <span class='ocrx_word' id='word_1_76' title='bbox 780 1040 839 1083; x_wconf 90' lang='lat' dir='ltr'>L¹</span> <span class='ocrx_word' id='word_1_77' title='bbox 877 1039 1075 1097; x_wconf 88' lang='lat' dir='ltr'>genius</span> <span class='ocrx_word' id='word_1_78' title='bbox 1107 1042 1160 1097; x_wconf 85' lang='grc' dir='ltr'>φ)</span> 
     </span>
    </p>
   </div>
   <div class='ocr_carea' id='block_1_6' title="bbox 146 1142 1813 1259">
    <p class='ocr_par' dir='ltr' id='par_1_6' title="bbox 146 1142 1813 1259">
     <span class='ocr_line' id='line_1_12' title="bbox 262 1142 1813 1200; baseline 0 -14"><span class='ocrx_word' id='word_1_79' title='bbox 262 1142 516 1200; x_wconf 87' lang='lat' dir='ltr'>geniusque</span> <span class='ocrx_word' id='word_1_80' title='bbox 546 1156 713 1199; x_wconf 91' lang='lat' dir='ltr'>parens</span> <span class='ocrx_word' id='word_1_81' title='bbox 745 1142 927 1200; x_wconf 86' lang='lat' dir='ltr'>generis</span> <span class='ocrx_word' id='word_1_82' title='bbox 957 1142 1105 1186; x_wconf 84' lang='lat' dir='ltr'>nostri</span> <span class='ocrx_word' id='word_1_83' title='bbox 1135 1143 1329 1187; x_wconf 66' lang='lat' dir='ltr'>Boethius</span> <span class='ocrx_word' id='word_1_84' title='bbox 1367 1156 1512 1200; x_wconf 87' lang='lat' dir='ltr'>genus</span> <span class='ocrx_word' id='word_1_85' title='bbox 1545 1142 1694 1186; x_wconf 88' lang='lat' dir='ltr'>nostri</span> <span class='ocrx_word' id='word_1_86' title='bbox 1730 1157 1813 1199; x_wconf 88' lang='lat' dir='ltr'>pa-</span> 
     </span>
     <span class='ocr_line' id='line_1_13' title="bbox 146 1201 1662 1259; baseline 0 -14"><span class='ocrx_word' id='word_1_87' title='bbox 146 1215 251 1246; x_wconf 90' lang='lat' dir='ltr'>rens</span> <span class='ocrx_word' id='word_1_88' title='bbox 282 1204 453 1247; x_wconf 75' lang='lat' dir='ltr'>senarii</span> <span class='ocrx_word' id='word_1_89' title='bbox 481 1204 653 1247; x_wconf 77' lang='lat' dir='ltr'>exitwm</span> <span class='ocrx_word' id='word_1_90' title='bbox 683 1203 822 1247; x_wconf 83' lang='lat' dir='ltr'>deleto</span> <span class='ocrx_word' id='word_1_91' title='bbox 851 1201 1032 1259; x_wconf 87' lang='lat' dir='ltr'>generis</span> <span class='ocrx_word' id='word_1_92' title='bbox 1063 1216 1095 1246; x_wconf 76' lang='lat' dir='ltr'><strong><em>x</em></strong></span> <span class='ocrx_word' id='word_1_93' title='bbox 1125 1204 1199 1259; x_wconf 81' lang='lat' dir='ltr'><em>(cf.</em></span> <span class='ocrx_word' id='word_1_94' title='bbox 1224 1203 1372 1247; x_wconf 80' lang='lat' dir='ltr'>coroll.</span> <span class='ocrx_word' id='word_1_95' title='bbox 1397 1201 1662 1259; x_wconf 83' lang='lat' dir='ltr'><strong>LXXXVII)</strong></span> 
     </span>
    </p>
   </div>
   <div class='ocr_carea' id='block_1_7' title="bbox 701 1413 1260 1463">
    <p class='ocr_par' dir='ltr' id='par_1_7' title="bbox 701 1413 1260 1463">
     <span class='ocr_line' id='line_1_14' title="bbox 701 1413 1260 1463; baseline -0.002 -1"><span class='ocrx_word' id='word_1_96' title='bbox 701 1413 911 1463; x_wconf 84' lang='lat' dir='ltr'>LAOVS</span> <span class='ocrx_word' id='word_1_97' title='bbox 949 1413 1260 1462; x_wconf 79' lang='lat' dir='ltr'><strong>AVERNVS</strong></span> 
     </span>
    </p>
   </div>
   <div class='ocr_carea' id='block_1_8' title="bbox 146 1518 1900 1671">
    <p class='ocr_par' dir='ltr' id='par_1_8' title="bbox 146 1518 1900 1671">
     <span class='ocr_line' id='line_1_15' title="bbox 964 1518 989 1564; baseline 0 0"><span class='ocrx_word' id='word_1_98' title='bbox 964 1518 989 1564; x_wconf 95' lang='lat' dir='ltr'>I</span> 
     </span>
     <span class='ocr_line' id='line_1_16' title="bbox 146 1600 1900 1671; baseline -0.001 -17"><span class='ocrx_word' id='word_1_99' title='bbox 146 1600 458 1671; x_wconf 81' lang='lat' dir='ltr'>Vers6rum,</span> <span class='ocrx_word' id='word_1_100' title='bbox 499 1620 608 1654; x_wconf 91' lang='lat' dir='ltr'>non</span> <span class='ocrx_word' id='word_1_101' title='bbox 645 1603 986 1654; x_wconf 77' lang='lat' dir='ltr'>numerorum</span> <span class='ocrx_word' id='word_1_102' title='bbox 1023 1619 1242 1653; x_wconf 90' lang='lat' dir='ltr'>numero</span> <span class='ocrx_word' id='word_1_103' title='bbox 1282 1601 1592 1653; x_wconf 74' lang='lat' dir='ltr'>studuimus,</span> <span class='ocrx_word' id='word_1_104' title='bbox 1846 1614 1900 1652; x_wconf 83' lang='lat'>55</span> 
     </span>
    </p>
   </div>
   <div class='ocr_carea' id='block_1_9' title="bbox 147 1716 1812 1831">
    <p class='ocr_par' dir='ltr' id='par_1_9' title="bbox 147 1716 1812 1831">
     <span class='ocr_line' id='line_1_17' title="bbox 263 1716 1812 1774; baseline 0 -14"><span class='ocrx_word' id='word_1_105' title='bbox 263 1717 526 1761; x_wconf 88' lang='lat' dir='ltr'>Priscianus</span> <span class='ocrx_word' id='word_1_106' title='bbox 564 1732 610 1774; x_wconf 90' lang='lat' dir='ltr'>p.</span> <span class='ocrx_word' id='word_1_107' title='bbox 637 1722 720 1761; x_wconf 80' lang='lat'>712</span> <span class='ocrx_word' id='word_1_108' title='bbox 751 1718 800 1761; x_wconf 90' lang='grc' dir='ltr'>Ρ.</span> <span class='ocrx_word' id='word_1_109' title='bbox 845 1717 1013 1761; x_wconf 82' lang='lat' dir='ltr'>‘uersi</span> <span class='ocrx_word' id='word_1_110' title='bbox 1051 1729 1234 1772; x_wconf 89' lang='lat' dir='ltr'>quoque</span> <span class='ocrx_word' id='word_1_111' title='bbox 1271 1730 1354 1773; x_wconf 91' lang='lat' dir='ltr'>pro</span> <span class='ocrx_word' id='word_1_112' title='bbox 1392 1730 1551 1760; x_wconf 91' lang='lat' dir='ltr'>uersus</span> <span class='ocrx_word' id='word_1_113' title='bbox 1589 1716 1812 1761; x_wconf 86' lang='lat' dir='ltr'>Laberius</span> 
     </span>
     <span class='ocr_line' id='line_1_18' title="bbox 147 1776 1052 1831; baseline 0.001 -12"><span class='ocrx_word' id='word_1_114' title='bbox 147 1776 199 1820; x_wconf 93' lang='lat' dir='ltr'>in</span> <span class='ocrx_word' id='word_1_115' title='bbox 228 1776 334 1820; x_wconf 86' lang='lat' dir='ltr'>lacu</span> <span class='ocrx_word' id='word_1_116' title='bbox 364 1777 571 1821; x_wconf 86' lang='lat' dir='ltr'>Auerno:</span> <span class='ocrx_word' id='word_1_117' title='bbox 603 1777 856 1820; x_wconf 90' lang='lat' dir='ltr'>uersorum&#39;</span> <span class='ocrx_word' id='word_1_118' title='bbox 885 1790 922 1820; x_wconf 92' lang='lat' dir='ltr'>e.</span> <span class='ocrx_word' id='word_1_119' title='bbox 948 1790 990 1831; x_wconf 86' lang='lat' dir='ltr'>q.</span> <span class='ocrx_word' id='word_1_120' title='bbox 1018 1790 1052 1820; x_wconf 91' lang='lat' dir='ltr'>s.</span> 
     </span>
    </p>
   </div>
   <div class='ocr_carea' id='block_1_10' title="bbox 148 1879 1814 2055">
    <p class='ocr_par' dir='ltr' id='par_1_10' title="bbox 148 1879 1814 2055">
     <span class='ocr_line' id='line_1_19' title="bbox 265 1879 1814 1935; baseline -0.001 -12"><span class='ocrx_word' id='word_1_121' title='bbox 265 1893 559 1923; x_wconf 90' lang='lat' dir='ltr'>numerorum</span> <span class='ocrx_word' id='word_1_122' title='bbox 588 1881 750 1935; x_wconf 74' lang='lat' dir='ltr'>scripsi</span> <span class='ocrx_word' id='word_1_123' title='bbox 778 1885 831 1923; x_wconf 83' lang='lat' dir='ltr'>ut</span> <span class='ocrx_word' id='word_1_124' title='bbox 853 1879 955 1923; x_wconf 80' lang='lat' dir='ltr'>Rue</span> <span class='ocrx_word' id='word_1_125' title='bbox 983 1892 1224 1921; x_wconf 90' lang='lat' dir='ltr'>numerum</span> <span class='ocrx_word' id='word_1_126' title='bbox 1254 1895 1303 1934; x_wconf 86' lang='grc' dir='ltr'>ω,</span> <span class='ocrx_word' id='word_1_127' title='bbox 1336 1879 1454 1935; x_wconf 80' lang='lat' dir='ltr'>quod</span> <span class='ocrx_word' id='word_1_128' title='bbox 1483 1880 1685 1935; x_wconf 76' lang='lat' dir='ltr'>suppleto</span> <span class='ocrx_word' id='word_1_129' title='bbox 1707 1879 1814 1922; x_wconf 82' lang='lat' dir='ltr'>olim</span> 
     </span>
     <span class='ocr_line' id='line_1_20' title="bbox 149 1939 1814 1994; baseline -0.001 -11"><span class='ocrx_word' id='word_1_130' title='bbox 149 1941 284 1984; x_wconf 74' lang='lat' dir='ltr'>initio</span> <span class='ocrx_word' id='word_1_131' title='bbox 322 1941 395 1983; x_wconf 88' lang='lat' dir='ltr'>tot</span> <span class='ocrx_word' id='word_1_132' title='bbox 431 1940 499 1984; x_wconf 78' lang='lat' dir='ltr'>ita</span> <span class='ocrx_word' id='word_1_133' title='bbox 536 1939 656 1983; x_wconf 80' lang='lat' dir='ltr'>tueri</span> <span class='ocrx_word' id='word_1_134' title='bbox 692 1940 910 1992; x_wconf 73' lang='lat' dir='ltr'>conabar,</span> <span class='ocrx_word' id='word_1_135' title='bbox 947 1944 1000 1982; x_wconf 79' lang='lat' dir='ltr'>ut</span> <span class='ocrx_word' id='word_1_136' title='bbox 1032 1950 1221 1980; x_wconf 90' lang='lat' dir='ltr'>numero</span> <span class='ocrx_word' id='word_1_137' title='bbox 1255 1951 1341 1994; x_wconf 76' lang='lat' dir='ltr'>pro</span> <span class='ocrx_word' id='word_1_138' title='bbox 1373 1939 1582 1982; x_wconf 81' lang='lat' dir='ltr'>adverbio</span> <span class='ocrx_word' id='word_1_139' title='bbox 1611 1939 1814 1982; x_wconf 80' lang='lat' dir='ltr'>haberem</span> 
     </span>
     <span class='ocr_line' id='line_1_21' title="bbox 148 1996 1092 2055; baseline -0.002 -13"><span class='ocrx_word' id='word_1_140' title='bbox 148 2004 191 2043; x_wconf 81' lang='lat' dir='ltr'>et</span> <span class='ocrx_word' id='word_1_141' title='bbox 218 2012 460 2042; x_wconf 89' lang='lat' dir='ltr'>numerum</span> <span class='ocrx_word' id='word_1_142' title='bbox 491 1996 750 2041; x_wconf 88' lang='lat' dir='ltr'>studuimus</span> <span class='ocrx_word' id='word_1_143' title='bbox 781 1999 1092 2055; x_wconf 74' lang='lat' dir='ltr'>coniunyerem</span> 
     </span>
    </p>
   </div>
   <div class='ocr_carea' id='block_1_11' title="bbox 153 2165 1815 2406">
    <p class='ocr_par' dir='ltr' id='par_1_11' title="bbox 153 2165 1815 2406">
     <span class='ocr_line' id='line_1_22' title="bbox 884 2165 1011 2213; baseline -0.008 0"><span class='ocrx_word' id='word_1_144' title='bbox 884 2209 887 2213; x_wconf 33' lang='lat' dir='ltr'><em>s</em></span> <span class='ocrx_word' id='word_1_145' title='bbox 960 2165 1011 2212; x_wconf 87' lang='lat' dir='ltr'>H</span> 
     </span>
     <span class='ocr_line' id='line_1_23' title="bbox 153 2248 1815 2319; baseline -0.001 -17"><span class='ocrx_word' id='word_1_146' title='bbox 153 2250 343 2304; x_wconf 78' lang='lat' dir='ltr'>Scinde</span> <span class='ocrx_word' id='word_1_147' title='bbox 381 2268 488 2301; x_wconf 85' lang='lat' dir='ltr'>una</span> <span class='ocrx_word' id='word_1_148' title='bbox 526 2249 733 2302; x_wconf 77' lang='lat' dir='ltr'>exoleto</span> <span class='ocrx_word' id='word_1_149' title='bbox 765 2248 959 2318; x_wconf 83' lang='lat' dir='ltr'>&lt;huio&gt;</span> <span class='ocrx_word' id='word_1_150' title='bbox 987 2249 1212 2318; x_wconf 86' lang='lat' dir='ltr'>patienti</span> <span class='ocrx_word' id='word_1_151' title='bbox 1241 2248 1446 2319; x_wconf 71' lang='lat' dir='ltr'>&lt;hano&gt;</span> <span class='ocrx_word' id='word_1_152' title='bbox 1476 2249 1815 2301; x_wconf 74' lang='lat' dir='ltr'>eatulientem</span> 
     </span>
     <span class='ocr_line' id='line_1_24' title="bbox 1376 2338 1568 2406; baseline 0.005 -17"><span class='ocrx_word' id='word_1_153' title='bbox 1376 2338 1568 2406; x_wconf 88' lang='lat' dir='ltr'>lupam.</span> 
     </span>
    </p>
   </div>
   <div class='ocr_carea' id='block_1_12' title="bbox 153 2444 1816 2679">
    <p class='ocr_par' dir='ltr' id='par_1_12' title="bbox 153 2444 1816 2679">
     <span class='ocr_line' id='line_1_25' title="bbox 268 2444 1816 2503; baseline -0.001 -13"><span class='ocrx_word' id='word_1_154' title='bbox 268 2445 447 2490; x_wconf 88' lang='lat' dir='ltr'>Nonius</span> <span class='ocrx_word' id='word_1_155' title='bbox 487 2450 555 2502; x_wconf 89' lang='grc'>90,</span> <span class='ocrx_word' id='word_1_156' title='bbox 589 2451 643 2489; x_wconf 84' lang='lat'>32</span> <span class='ocrx_word' id='word_1_157' title='bbox 686 2445 992 2489; x_wconf 77' lang='lat' dir='ltr'>‘catullire’</span> <span class='ocrx_word' id='word_1_158' title='bbox 1037 2445 1194 2503; x_wconf 90' lang='lat' dir='ltr'>(immo</span> <span class='ocrx_word' id='word_1_159' title='bbox 1233 2444 1497 2501; x_wconf 86' lang='lat' dir='ltr'>catulire,</span> <span class='ocrx_word' id='word_1_160' title='bbox 1540 2447 1594 2489; x_wconf 87' lang='lat' dir='ltr'>ut</span> <span class='ocrx_word' id='word_1_161' title='bbox 1631 2444 1816 2501; x_wconf 86' lang='lat' dir='ltr'>scripsit</span> 
     </span>
     <span class='ocr_line' id='line_1_26' title="bbox 153 2503 1816 2561; baseline -0.001 -11"><span class='ocrx_word' id='word_1_162' title='bbox 153 2505 364 2555; x_wconf 71' lang='lat' dir='ltr'>Guietus)</span> <span class='ocrx_word' id='word_1_163' title='bbox 395 2504 601 2548; x_wconf 81' lang='lat' dir='ltr'>‘esurire&#39;</span> <span class='ocrx_word' id='word_1_164' title='bbox 633 2506 742 2561; x_wconf 80' lang='lat' dir='ltr'>(‘est</span> <span class='ocrx_word' id='word_1_165' title='bbox 773 2504 934 2548; x_wconf 85' lang='lat' dir='ltr'>surire&#39;</span> <span class='ocrx_word' id='word_1_166' title='bbox 961 2504 1207 2561; x_wconf 86' lang='lat' dir='ltr'>Gesnerus)</span> <span class='ocrx_word' id='word_1_167' title='bbox 1240 2503 1334 2548; x_wconf 82' lang='lat' dir='ltr'>‘uel</span> <span class='ocrx_word' id='word_1_168' title='bbox 1363 2503 1616 2548; x_wconf 86' lang='lat' dir='ltr'>libidinari.</span> <span class='ocrx_word' id='word_1_169' title='bbox 1668 2504 1816 2548; x_wconf 87' lang='lat' dir='ltr'>Labe-</span> 
     </span>
     <span class='ocr_line' id='line_1_27' title="bbox 154 2563 1814 2619; baseline -0.001 -11"><span class='ocrx_word' id='word_1_170' title='bbox 154 2564 250 2608; x_wconf 91' lang='lat' dir='ltr'>rius</span> <span class='ocrx_word' id='word_1_171' title='bbox 281 2563 331 2606; x_wconf 92' lang='lat' dir='ltr'>in</span> <span class='ocrx_word' id='word_1_172' title='bbox 361 2564 509 2607; x_wconf 84' lang='lat' dir='ltr'>Lacu</span> <span class='ocrx_word' id='word_1_173' title='bbox 539 2563 795 2608; x_wconf 84' lang='lat' dir='ltr'>balerna:</span> <span class='ocrx_word' id='word_1_174' title='bbox 830 2563 1003 2607; x_wconf 84' lang='lat' dir='ltr'>scinde’</span> <span class='ocrx_word' id='word_1_175' title='bbox 1030 2576 1067 2607; x_wconf 88' lang='lat' dir='ltr'>e.</span> <span class='ocrx_word' id='word_1_176' title='bbox 1086 2578 1128 2619; x_wconf 89' lang='lat' dir='ltr'>q.</span> <span class='ocrx_word' id='word_1_177' title='bbox 1148 2578 1180 2607; x_wconf 82' lang='lat' dir='ltr'>S.</span> <span class='ocrx_word' id='word_1_178' title='bbox 1216 2563 1438 2619; x_wconf 80' lang='lat' dir='ltr'>(lacuba</span> <span class='ocrx_word' id='word_1_179' title='bbox 1464 2600 1472 2607; x_wconf 91' lang='lat'><em>.</em></span> <span class='ocrx_word' id='word_1_180' title='bbox 1500 2600 1508 2607; x_wconf 92' lang='lat'><strong>.</strong></span> <span class='ocrx_word' id='word_1_181' title='bbox 1535 2563 1727 2607; x_wconf 87' lang='lat' dir='ltr'>elerna</span> <span class='ocrx_word' id='word_1_182' title='bbox 1756 2563 1814 2606; x_wconf 90' lang='lat' dir='ltr'>P¹</span> 
     </span>
     <span class='ocr_line' id='line_1_28' title="bbox 153 2622 822 2679; baseline -0.003 -12"><span class='ocrx_word' id='word_1_183' title='bbox 153 2624 299 2677; x_wconf 86' lang='lat' dir='ltr'>Lacu</span> <span class='ocrx_word' id='word_1_184' title='bbox 330 2623 549 2666; x_wconf 90' lang='lat' dir='ltr'>Auerno</span> <span class='ocrx_word' id='word_1_185' title='bbox 581 2622 822 2679; x_wconf 83' lang='lat' dir='ltr'>Bentinus)</span> 
     </span>
    </p>
   </div>
   <div class='ocr_carea' id='block_1_13' title="bbox 153 2718 1816 2950">
    <p class='ocr_par' dir='ltr' id='par_1_13' title="bbox 153 2718 1816 2832">
     <span class='ocr_line' id='line_1_29' title="bbox 270 2718 1728 2775; baseline 0.001 -14"><span class='ocrx_word' id='word_1_186' title='bbox 270 2732 364 2761; x_wconf 90' lang='lat' dir='ltr'>una</span> <span class='ocrx_word' id='word_1_187' title='bbox 387 2732 480 2761; x_wconf 89' lang='lat' dir='ltr'>una</span> <span class='ocrx_word' id='word_1_188' title='bbox 504 2719 568 2762; x_wconf 89' lang='lat' dir='ltr'><em>W</em></span> <span class='ocrx_word' id='word_1_189' title='bbox 591 2732 685 2761; x_wconf 88' lang='lat' dir='ltr'>una</span> <span class='ocrx_word' id='word_1_190' title='bbox 709 2732 812 2761; x_wconf 85' lang='lat' dir='ltr'>oum</span> <span class='ocrx_word' id='word_1_191' title='bbox 842 2718 1153 2775; x_wconf 76' lang='lat' dir='ltr'>Quieheratius</span> <span class='ocrx_word' id='word_1_192' title='bbox 1175 2719 1227 2762; x_wconf 73' lang='lat' dir='ltr'>in</span> <span class='ocrx_word' id='word_1_193' title='bbox 1255 2719 1506 2774; x_wconf 66' lang='lat' dir='ltr'>septemio</span> <span class='ocrx_word' id='word_1_194' title='bbox 1536 2718 1728 2762; x_wconf 78' lang='lat' dir='ltr'>iambico</span> 
     </span>
     <span class='ocr_line' id='line_1_30' title="bbox 153 2776 1816 2832; baseline 0 -11"><span class='ocrx_word' id='word_1_195' title='bbox 153 2777 334 2821; x_wconf 88' lang='lat' dir='ltr'>exoleto</span> <span class='ocrx_word' id='word_1_196' title='bbox 380 2778 528 2821; x_wconf 79' lang='lat' dir='ltr'>Aldus</span> <span class='ocrx_word' id='word_1_197' title='bbox 577 2776 787 2820; x_wconf 84' lang='lat' dir='ltr'>exeuleto</span> <span class='ocrx_word' id='word_1_198' title='bbox 836 2776 886 2820; x_wconf 89' lang='lat' dir='ltr'><strong><em>F</em></strong></span> <span class='ocrx_word' id='word_1_199' title='bbox 893 2777 910 2802; x_wconf 79' lang='lat'>³</span> <span class='ocrx_word' id='word_1_200' title='bbox 925 2777 982 2820; x_wconf 91' lang='lat' dir='ltr'><em>H</em></span> <span class='ocrx_word' id='word_1_201' title='bbox 991 2777 1005 2802; x_wconf 88' lang='lat'>¹</span> <span class='ocrx_word' id='word_1_202' title='bbox 1054 2776 1260 2820; x_wconf 84' lang='lat' dir='ltr'>excoleto</span> <span class='ocrx_word' id='word_1_203' title='bbox 1307 2794 1342 2832; x_wconf 86' lang='grc' dir='ltr'>φ</span> <span class='ocrx_word' id='word_1_204' title='bbox 1397 2776 1575 2820; x_wconf 87' lang='lat' dir='ltr'>exolete</span> <span class='ocrx_word' id='word_1_205' title='bbox 1621 2777 1816 2821; x_wconf 79' lang='lat' dir='ltr'>Bothius</span> 
     </span>
    </p>

    <p class='ocr_par' dir='ltr' id='par_1_14' title="bbox 155 2801 1814 2950">
     <span class='ocr_line' id='line_1_31' title="bbox 240 2801 1814 2892; baseline 0.001 -14"><span class='ocrx_word' id='word_1_206' title='bbox 240 2835 348 2879; x_wconf 83' lang='lat' dir='ltr'>huic</span> <span class='ocrx_word' id='word_1_207' title='bbox 389 2835 590 2892; x_wconf 91' lang='lat' dir='ltr'>patienti</span> <span class='ocrx_word' id='word_1_208' title='bbox 626 2837 789 2892; x_wconf 75' lang='lat' dir='ltr'>scripsi</span> <span class='ocrx_word' id='word_1_209' title='bbox 828 2801 1134 2892; x_wconf 53' lang='lat' dir='ltr'>inpatiefflzem</span> <span class='ocrx_word' id='word_1_210' title='bbox 1172 2837 1236 2880; x_wconf 89' lang='lat' dir='ltr'><strong><em>W</em></strong></span> <span class='ocrx_word' id='word_1_211' title='bbox 1268 2834 1518 2892; x_wconf 86' lang='lat' dir='ltr'>inpatienti</span> <span class='ocrx_word' id='word_1_212' title='bbox 1555 2852 1591 2891; x_wconf 87' lang='grc' dir='ltr'>φ</span> <span class='ocrx_word' id='word_1_213' title='bbox 1740 2849 1814 2879; x_wconf 85' lang='lat' dir='ltr'>ex-</span> 
     </span>
     <span class='ocr_line' id='line_1_32' title="bbox 155 2893 1476 2950; baseline -0.002 -11"><span class='ocrx_word' id='word_1_214' title='bbox 155 2895 350 2939; x_wconf 88' lang='lat' dir='ltr'>soletum</span> <span class='ocrx_word' id='word_1_215' title='bbox 379 2893 686 2950; x_wconf 85' lang='lat' dir='ltr'>inpatientem</span> <span class='ocrx_word' id='word_1_216' title='bbox 717 2908 772 2938; x_wconf 84' lang='lat' dir='ltr'>ao</span> <span class='ocrx_word' id='word_1_217' title='bbox 801 2895 904 2939; x_wconf 79' lang='lat' dir='ltr'>Bue</span> <span class='ocrx_word' id='word_1_218' title='bbox 1021 2894 1303 2938; x_wconf 83' lang='lat' dir='ltr'>catulentem</span> <span class='ocrx_word' id='word_1_219' title='bbox 1336 2895 1476 2938; x_wconf 86' lang='lat' dir='ltr'>F1L1</span> 
     </span>
    </p>
   </div>
  </div>
 </body>
</html>
