2060 3140
526 128 576 172 L.
608 126 958 173 POMPONIVS
987 127 1393 173 BONONIENSIS
1690 129 1794 182 281

123 262 360 315 Τ611116111
400 265 454 315 et
491 263 755 316 tinnulam
832 305 1724 316 ...........

121 349 320 403 'Etiam
357 369 499 403 nunc
535 353 722 404 uocem
762 351 1053 404 deducam?

238 451 504 495 Macrobius
537 452 632 496 Sat.
657 452 723 497 VI
752 458 793 508 4,
820 457 875 496 13
910 452 1174 496 ‘deducta
1212 466 1348 496 uoce
1391 490 1400 498 .
1427 489 1436 497 .
1478 452 1559 496 sed
1589 452 1706 497 haec
1737 453 1798 496 ab

28 548 33 551 ,
121 510 206 554 illo
243 510 495 566 fluxerunt,
535 511 661 566 quod
697 511 981 568 Pomponius
1019 511 1070 554 in
1106 511 1366 568 Atellania,
1406 525 1526 567 quae
1557 511 1799 556 Kalendae

122 569 322 613 Martiae
353 569 644 626 inscribitur,
686 570 773 616 ait:
807 584 1000 614 uocem
1033 606 1041 615 .
1070 607 1078 615 .
1107 606 1115 614 .
1148 570 1434 615 tinnulam
1465 573 1513 615 et
1539 570 1662 615 infra
1694 571 1795 630 [4].’

34 655 36 657 ·
123 627 189 672 Cf.
222 628 443 672 Munkius
473 644 518 686 p.
543 635 599 673 49
627 644 692 685 sq.

243 721 266 759 1
291 716 542 761 uideantur
563 716 771 761 mulieris
795 718 994 762 Bothius
1016 716 1223 761 mulieris
1247 717 1497 762 uideantur
1520 736 1554 762 ω
1639 724 1664 762 2
1688 717 1799 762 iube

121 788 232 832 ergo
266 775 427 821 Salisb.
540 790 659 819 unus
691 777 802 821 Par.
916 789 1080 820 uocem
1109 776 1302 820 reddam
1334 790 1419 834 ego
1450 792 1484 822 cc
1518 791 1604 834 ego
1635 791 1801 821 uocem

120 835 315 878 reddam
345 853 380 879 ω
420 848 506 892 ego
545 849 708 879 uocem
747 834 870 879 dabo
900 836 970 880 vel
1005 848 1168 879 uocem
1198 835 1394 879 reddibo
1425 837 1533 880 olim
1560 838 1798 893 proposui,

121 908 176 938 ac
206 909 262 938 ‘ne
292 909 415 938 nwnc
446 895 624 951 quidem
646 895 852 950 paenitet
944 907 1030 950 ego
1061 907 1225 937 uocem
1254 893 1345 937 tibi
1374 894 1586 938 Reddam
1616 898 1649 939 t.
1683 898 1731 939 et
1760 898 1794 940 t.

120 953 358 997 Bentleius
402 954 591 996 tenuem
633 954 681 996 613
725 951 959 996 tinnulam
995 951 1172 996 Vocem
1210 966 1296 1009 ego
1339 953 1534 996 reddam
1571 955 1800 998 Munkius

219 1012 358 1056 Valde
398 1013 604 1056 arrident
640 1012 931 1069 eleyantiores
968 1011 1233 1056 Buecheler-i
1273 1026 1425 1056 versus
1463 1014 1626 1056 uocem
1666 1013 1708 1057 d.
1743 1027 1799 1069 o.,

120 1071 175 1113 1113
211 1069 429 1114 uideatur
465 1069 686 1114 mulieris
729 1072 750 1115 ff
786 1069 899 1114 Iube
938 1069 1077 1113 modo
1110 1070 1350 1114 adferatur
1378 1085 1566 1128 munus,
1606 1072 1801 1115 reddam

122 1143 208 1186 ego
247 1131 457 1173 teneram
495 1131 543 1173 613
578 1128 824 1173 tinnulam.
886 1129 1066 1174 Deinde
1102 1131 1244 1174 ionius
1281 1131 1518 1174 minimum
1551 1145 1703 1176 versus
1734 1133 1799 1175 Ζα-

120 1203 286 1233 cunam
316 1203 405 1233 esse
434 1202 586 1233 censeo
718 1194 747 1232 4
777 1189 1101 1246 Interrogandi
1130 1194 1285 1233 notam
1308 1191 1447 1245 posui

679 1327 814 1376 LAR·
850 1326 1239 1375 FAMILIARIS

122 1469 133 1479 .
174 1469 184 1479 .
226 1445 319 1480 oro
361 1430 437 1497 te,
474 1426 628 1497 11680,
664 1445 760 1496 per
797 1426 962 1478 lactes
1000 1429 1120 1478 tuas

239 1526 504 1571 Priscianus
527 1543 572 1584 p.
591 1531 677 1572 686
701 1527 750 1572 P.
784 1527 911 1571 ‘hae
943 1527 1127 1571 lactes
1157 1529 1315 1583 partes
1341 1529 1450 1571 sunt
1472 1527 1800 1572 intestinorum

122 1600 151 1630 a
183 1586 359 1631 Graeco
397 1584 669 1643 γαλακτίδες
701 1585 877 1643 dictae,
918 1588 965 1630 et
1005 1588 1308 1630 seruauerunt
1339 1587 1464 1689 apud
1498 1601 1583 1631 nos
1615 1601 1800 1643 quoque

15 1661 27 1665 -
120 1644 248 1688 idem
278 1659 438 1702 genuS,
471 1645 600 1689 cuius
633 1645 868 1702 singulare
898 1646 1015 1690 haec
1046 1644 1184 1689 lactis
1217 1647 1329 1690 est.
1395 1646 1719 1702 .Pomponius
1750 1646 1800 1689 in

120 1704 239 1748 Lare
270 1703 514 1750 familiari:
548 1705 646 1749 oro’
674 1718 711 1750 e.
738 1719 780 1760 q.
808 1720 841 1749 S.

239 1795 287 1836 te
320 1807 399 1837 oro
432 1811 488 1850 ω,
527 1795 790 1850 transposui
907 1806 1043 1848 uaso,
1082 1794 1113 1837 i.
1147 1807 1181 1837 e.
1213 1794 1378 1836 uasate
1415 1795 1579 1850 scripsi
1614 1793 1729 1837 baso
1760 1802 1799 1850 ψ

121 1882 295 1929 116Ξ60
335 1882 478 1927 Barb.
517 1881 656 1926 basso
696 1881 833 1940 Sariy.
872 1861 1019 1929 basssz-
1056 1884 1098 1939 (e
1136 1895 1247 1926 eras.
1279 1887 1332 1926 ut
1369 1882 1479 1939 vid.)
1514 1881 1646 1927 Grut.
1685 1881 1800 1925 base

120 1941 232 2000 Req.
263 1941 401 1984 basse
432 1959 459 1999 χ
490 1940 627 1985 basse
655 1942 726 1986 vel
753 1940 897 1984 Basse
928 1943 1060 1999 vulyo
1090 1941 1246 1997 Basse,
1281 1940 1526 2000 (quaeso)
1557 1941 1661 1985 Bue

873 2080 1051 2128 LENO

125 2149 349 2203 Caseum
387 2150 549 2203 molle

243 2242 480 2287 Charisius
514 2258 558 2299 p.
586 2247 642 2286 60
673 2243 722 2287 Ρ.
758 2244 975 2287 ‘caseus
1006 2243 1253 2287 masculini
1283 2243 1466 2300 generis
1498 2245 1570 2287 est
1601 2278 1610 2287 .
1639 2280 1647 2288 .
1675 2278 1684 2287 .
1718 2243 1800 2287 sed

122 2301 404 2359 Pomponius
434 2301 712 2345 neutraliter
743 2301 864 2346 dixit
893 2301 943 2345 in
973 2302 1178 2348 Lenone:
1219 2316 1405 2346 caseum
1434 2302 1608 2347 molle.’
1671 2303 1800 2345 Beda

126 2361 183 2404 de
210 2361 412 2418 orthogr.
439 2360 551 2405 CGL
575 2361 660 2404 VH
685 2366 769 2405 266
794 2361 848 2406 K.
885 2362 1064 2405 ‘caseus
1099 2398 1106 2405 .
1136 2398 1144 2406 .
1173 2398 1182 2406 .
1214 2361 1495 2418 Pomponius
1525 2361 1802 2406 neutraliter

123 2419 263 2466 dixit:
295 2434 483 2464 caseum
511 2419 685 2464 molle?

830 2529 1091 2578 MAOOVS

242 2619 308 2664 Cf.
340 2619 588 2664 Ritschelii
618 2621 803 2677 Parerg.
836 2620 857 2663 I
890 2624 974 2663 133
1000 2634 1065 2674 sq.

950 2745 976 2791 I

125 2827 266 2892 Quid
307 2829 549 2880 futurum
592 2831 693 2898 est,
740 2828 791 2880 s1'
830 2828 923 2897 pol
967 2827 1104 2880 hanc
1143 2845 1241 2898 ego
1281 2827 1480 2879 discere
1519 2830 1686 2880 artem
1725 2831 1800 2880 at-

264 2910 267 2912 *
1359 2915 1657 2969 tenderim‘?

1831 366 1888 405 60
