<?xml version="1.0" encoding="UTF-8"?>
<!DOCTYPE html PUBLIC "-//W3C//DTD XHTML 1.0 Transitional//EN"
    "http://www.w3.org/TR/xhtml1/DTD/xhtml1-transitional.dtd">
<html xmlns="http://www.w3.org/1999/xhtml" xml:lang="en" lang="en">
 <head>
  <title>
</title>
<meta http-equiv="Content-Type" content="text/html;charset=utf-8" />
  <meta name='ocr-system' content='tesseract 3.04.00' />
  <meta name='ocr-capabilities' content='ocr_page ocr_carea ocr_par ocr_line ocrx_word'/>
</head>
<body>
  <div class='ocr_page' id='page_1' title='image "./scaenicaeromanor02ribbuoft_0147.png"; bbox 0 0 2060 3140; ppageno 0'>
   <div class='ocr_carea' id='block_1_1' title="bbox 430 112 1818 165">
    <p class='ocr_par' dir='ltr' id='par_1_1' title="bbox 430 112 1818 165">
     <span class='ocr_line' id='line_1_1' title="bbox 430 112 1818 165; baseline 0.006 -7"><span class='ocrx_word' id='word_1_1' title='bbox 430 114 512 158; x_wconf 89' lang='lat' dir='ltr'><strong>EX</strong></span> <span class='ocrx_word' id='word_1_2' title='bbox 541 113 816 160; x_wconf 84' lang='lat' dir='ltr'>INCERTIS</span> <span class='ocrx_word' id='word_1_3' title='bbox 846 112 1245 159; x_wconf 85' lang='lat' dir='ltr'><strong>INCERTORVM</strong></span> <span class='ocrx_word' id='word_1_4' title='bbox 1274 113 1528 158; x_wconf 86' lang='lat' dir='ltr'><strong>FABVLIS</strong></span> <span class='ocrx_word' id='word_1_5' title='bbox 1711 112 1818 165; x_wconf 83' lang='lat'><strong>135</strong></span> 
     </span>
    </p>
   </div>
   <div class='ocr_carea' id='block_1_2' title="bbox 139 253 1787 407">
    <p class='ocr_par' dir='ltr' id='par_1_2' title="bbox 139 253 1787 407">
     <span class='ocr_line' id='line_1_2' title="bbox 945 253 1016 301; baseline 0 0"><span class='ocrx_word' id='word_1_6' title='bbox 945 253 1016 301; x_wconf 92' lang='lat' dir='ltr'><strong>XI</strong></span> 
     </span>
     <span class='ocr_line' id='line_1_3' title="bbox 139 334 1787 407; baseline -0.001 -16"><span class='ocrx_word' id='word_1_7' title='bbox 139 337 200 391; x_wconf 78' lang='lat' dir='ltr'><strong>Si</strong></span> <span class='ocrx_word' id='word_1_8' title='bbox 240 335 359 407; x_wconf 80' lang='lat' dir='ltr'><strong>quis</strong></span> <span class='ocrx_word' id='word_1_9' title='bbox 398 355 494 407; x_wconf 91' lang='lat' dir='ltr'><strong>per</strong></span> <span class='ocrx_word' id='word_1_10' title='bbox 532 338 704 391; x_wconf 86' lang='lat' dir='ltr'><strong>omnis</strong></span> <span class='ocrx_word' id='word_1_11' title='bbox 741 335 877 390; x_wconf 85' lang='lat' dir='ltr'><strong>mihi</strong></span> <span class='ocrx_word' id='word_1_12' title='bbox 916 337 1041 390; x_wconf 90' lang='lat' dir='ltr'><strong>deos</strong></span> <span class='ocrx_word' id='word_1_13' title='bbox 1080 337 1220 390; x_wconf 74' lang='lat' dir='ltr'><strong>iuret</strong></span> <span class='ocrx_word' id='word_1_14' title='bbox 1256 339 1463 406; x_wconf 88' lang='lat' dir='ltr'><strong>patrem</strong></span> <span class='ocrx_word' id='word_1_15' title='bbox 1501 334 1787 389; x_wconf 74' lang='lat' dir='ltr'><strong>Lachetem</strong></span> 
     </span>
    </p>
   </div>
   <div class='ocr_carea' id='block_1_3' title="bbox 138 435 1819 659">
    <p class='ocr_par' dir='ltr' id='par_1_3' title="bbox 138 435 1819 659">
     <span class='ocr_line' id='line_1_4' title="bbox 258 435 1818 494; baseline -0.001 -13"><span class='ocrx_word' id='word_1_16' title='bbox 258 437 434 482; x_wconf 88' lang='lat' dir='ltr'><strong>Marius</strong></span> <span class='ocrx_word' id='word_1_17' title='bbox 457 436 724 482; x_wconf 76' lang='lat' dir='ltr'><strong>Victorinus</strong></span> <span class='ocrx_word' id='word_1_18' title='bbox 750 436 861 482; x_wconf 83' lang='lat' dir='ltr'><strong>CGL</strong></span> <span class='ocrx_word' id='word_1_19' title='bbox 886 438 950 482; x_wconf 93' lang='lat' dir='ltr'><strong>VI</strong></span> <span class='ocrx_word' id='word_1_20' title='bbox 975 442 1058 482; x_wconf 85' lang='lat'><strong>135</strong></span> <span class='ocrx_word' id='word_1_21' title='bbox 1081 437 1136 483; x_wconf 89' lang='lat' dir='ltr'><strong>K.</strong></span> <span class='ocrx_word' id='word_1_22' title='bbox 1172 437 1443 482; x_wconf 82' lang='lat' dir='ltr'><strong>‘comicus</strong></span> <span class='ocrx_word' id='word_1_23' title='bbox 1476 435 1691 494; x_wconf 89' lang='lat' dir='ltr'><strong>apposito</strong></span> <span class='ocrx_word' id='word_1_24' title='bbox 1724 450 1818 481; x_wconf 90' lang='lat' dir='ltr'><strong>ses-</strong></span> 
     </span>
     <span class='ocr_line' id='line_1_5' title="bbox 140 496 1818 554; baseline -0.001 -13"><span class='ocrx_word' id='word_1_25' title='bbox 140 497 343 554; x_wconf 88' lang='lat' dir='ltr'><strong>quipede</strong></span> <span class='ocrx_word' id='word_1_26' title='bbox 374 497 424 541; x_wconf 89' lang='lat' dir='ltr'><strong>in</strong></span> <span class='ocrx_word' id='word_1_27' title='bbox 455 496 623 541; x_wconf 85' lang='lat' dir='ltr'><strong>ultima</strong></span> <span class='ocrx_word' id='word_1_28' title='bbox 654 496 762 540; x_wconf 91' lang='lat' dir='ltr'><strong>sede</strong></span> <span class='ocrx_word' id='word_1_29' title='bbox 789 510 950 541; x_wconf 88' lang='lat' dir='ltr'><strong>uersus</strong></span> <span class='ocrx_word' id='word_1_30' title='bbox 976 497 1185 552; x_wconf 89' lang='lat' dir='ltr'><strong>adaeque</strong></span> <span class='ocrx_word' id='word_1_31' title='bbox 1208 496 1409 541; x_wconf 74' lang='lat' dir='ltr'><strong>trimetri</strong></span> <span class='ocrx_word' id='word_1_32' title='bbox 1431 496 1652 541; x_wconf 84' lang='lat' dir='ltr'><strong>reddetur</strong></span> <span class='ocrx_word' id='word_1_33' title='bbox 1672 497 1818 540; x_wconf 88' lang='lat' dir='ltr'><strong>tetra-</strong></span> 
     </span>
     <span class='ocr_line' id='line_1_6' title="bbox 139 554 1819 612; baseline 0 -13"><span class='ocrx_word' id='word_1_34' title='bbox 139 558 327 612; x_wconf 82' lang='lat' dir='ltr'><strong>metms,</strong></span> <span class='ocrx_word' id='word_1_35' title='bbox 359 558 433 602; x_wconf 90' lang='lat' dir='ltr'><strong>ut:</strong></span> <span class='ocrx_word' id='word_1_36' title='bbox 467 556 514 599; x_wconf 87' lang='lat' dir='ltr'><strong>si</strong></span> <span class='ocrx_word' id='word_1_37' title='bbox 546 554 698 611; x_wconf 89' lang='lat' dir='ltr'><strong>quis&#39;</strong></span> <span class='ocrx_word' id='word_1_38' title='bbox 733 568 771 600; x_wconf 92' lang='lat' dir='ltr'><strong>e.</strong></span> <span class='ocrx_word' id='word_1_39' title='bbox 805 570 848 611; x_wconf 90' lang='lat' dir='ltr'><strong>q.</strong></span> <span class='ocrx_word' id='word_1_40' title='bbox 881 571 915 600; x_wconf 88' lang='lat' dir='ltr'><strong>s.</strong></span> <span class='ocrx_word' id='word_1_41' title='bbox 978 556 1193 600; x_wconf 82' lang='lat' dir='ltr'><strong>Fortasse</strong></span> <span class='ocrx_word' id='word_1_42' title='bbox 1225 558 1274 601; x_wconf 91' lang='lat' dir='ltr'><strong>et</strong></span> <span class='ocrx_word' id='word_1_43' title='bbox 1301 555 1378 599; x_wconf 91' lang='lat' dir='ltr'><strong>hic</strong></span> <span class='ocrx_word' id='word_1_44' title='bbox 1410 558 1458 600; x_wconf 90' lang='lat' dir='ltr'><strong>et</strong></span> <span class='ocrx_word' id='word_1_45' title='bbox 1490 568 1686 611; x_wconf 89' lang='lat' dir='ltr'><strong>sequens</strong></span> <span class='ocrx_word' id='word_1_46' title='bbox 1716 568 1819 599; x_wconf 85' lang='lat' dir='ltr'><strong>ver·</strong></span> 
     </span>
     <span class='ocr_line' id='line_1_7' title="bbox 138 614 683 659; baseline 0 -1"><span class='ocrx_word' id='word_1_47' title='bbox 138 614 312 659; x_wconf 82' lang='lat' dir='ltr'><strong>siculus</strong></span> <span class='ocrx_word' id='word_1_48' title='bbox 346 614 531 659; x_wconf 88' lang='lat' dir='ltr'><strong>conficti</strong></span> <span class='ocrx_word' id='word_1_49' title='bbox 564 616 683 659; x_wconf 90' lang='lat' dir='ltr'><strong>sunt.</strong></span> 
     </span>
    </p>
   </div>
   <div class='ocr_carea' id='block_1_4' title="bbox 139 694 1434 850">
    <p class='ocr_par' dir='ltr' id='par_1_4' title="bbox 139 694 1434 850">
     <span class='ocr_line' id='line_1_8' title="bbox 930 694 1028 743; baseline 0 0"><span class='ocrx_word' id='word_1_50' title='bbox 930 694 1028 743; x_wconf 90' lang='lat' dir='ltr'><strong>XII</strong></span> 
     </span>
     <span class='ocr_line' id='line_1_9' title="bbox 139 779 1434 850; baseline 0.001 -18"><span class='ocrx_word' id='word_1_51' title='bbox 139 779 281 844; x_wconf 88' lang='lat' dir='ltr'><strong>Quid</strong></span> <span class='ocrx_word' id='word_1_52' title='bbox 319 779 419 850; x_wconf 59' lang='grc' dir='ltr'><strong>εἰς,</strong></span> <span class='ocrx_word' id='word_1_53' title='bbox 458 779 717 848; x_wconf 72' lang='lat' dir='ltr'><strong>Epidice?</strong></span> <span class='ocrx_word' id='word_1_54' title='bbox 755 779 860 832; x_wconf 83' lang='lat' dir='ltr'><strong>t1&#39;bi</strong></span> <span class='ocrx_word' id='word_1_55' title='bbox 898 779 1108 832; x_wconf 82' lang='lat' dir='ltr'><strong>facilior</strong></span> <span class='ocrx_word' id='word_1_56' title='bbox 1146 779 1247 831; x_wconf 78' lang='lat' dir='ltr'><strong>erit</strong></span> <span class='ocrx_word' id='word_1_57' title='bbox 1285 797 1434 833; x_wconf 90' lang='lat' dir='ltr'><strong>amor</strong></span> 
     </span>
    </p>
   </div>
   <div class='ocr_carea' id='block_1_5' title="bbox 135 878 1817 1114">
    <p class='ocr_par' dir='ltr' id='par_1_5' title="bbox 135 878 1817 1114">
     <span class='ocr_line' id='line_1_10' title="bbox 256 878 1816 937; baseline 0 -13"><span class='ocrx_word' id='word_1_58' title='bbox 256 880 431 925; x_wconf 87' lang='lat' dir='ltr'><strong>Marius</strong></span> <span class='ocrx_word' id='word_1_59' title='bbox 463 879 731 924; x_wconf 80' lang='lat' dir='ltr'><strong>Victorinus</strong></span> <span class='ocrx_word' id='word_1_60' title='bbox 762 879 792 924; x_wconf 92' lang='lat'><strong>1.</strong></span> <span class='ocrx_word' id='word_1_61' title='bbox 825 879 855 923; x_wconf 90' lang='lat'><strong>1.</strong></span> <span class='ocrx_word' id='word_1_62' title='bbox 891 884 946 923; x_wconf 82' lang='lat'><strong>79</strong></span> <span class='ocrx_word' id='word_1_63' title='bbox 978 879 1032 924; x_wconf 87' lang='lat' dir='ltr'><strong>K.</strong></span> <span class='ocrx_word' id='word_1_64' title='bbox 1081 878 1253 922; x_wconf 84' lang='lat' dir='ltr'><strong>‘huius’</strong></span> <span class='ocrx_word' id='word_1_65' title='bbox 1301 879 1535 937; x_wconf 82' lang='lat' dir='ltr'><strong>(trimetri)</strong></span> <span class='ocrx_word' id='word_1_66' title='bbox 1582 881 1816 924; x_wconf 86' lang='lat' dir='ltr'><strong>‘mensura</strong></span> 
     </span>
     <span class='ocr_line' id='line_1_11' title="bbox 138 937 1720 996; baseline -0.002 -11"><span class='ocrx_word' id='word_1_67' title='bbox 138 977 148 984; x_wconf 91' lang='lat'><strong>.</strong></span> <span class='ocrx_word' id='word_1_68' title='bbox 179 977 187 985; x_wconf 91' lang='lat'><strong>.</strong></span> <span class='ocrx_word' id='word_1_69' title='bbox 215 977 224 984; x_wconf 93' lang='lat'><strong>.</strong></span> <span class='ocrx_word' id='word_1_70' title='bbox 257 939 425 996; x_wconf 87' lang='lat' dir='ltr'><strong>incipit</strong></span> <span class='ocrx_word' id='word_1_71' title='bbox 455 953 483 982; x_wconf 91' lang='lat' dir='ltr'><strong>a</strong></span> <span class='ocrx_word' id='word_1_72' title='bbox 516 938 763 983; x_wconf 89' lang='lat' dir='ltr'><strong>duodecim</strong></span> <span class='ocrx_word' id='word_1_73' title='bbox 793 937 987 994; x_wconf 83' lang='lat' dir='ltr'><strong>syllabis</strong></span> <span class='ocrx_word' id='word_1_74' title='bbox 1020 939 1068 982; x_wconf 92' lang='lat' dir='ltr'><strong>et</strong></span> <span class='ocrx_word' id='word_1_75' title='bbox 1099 937 1265 982; x_wconf 88' lang='lat' dir='ltr'><strong>crescit</strong></span> <span class='ocrx_word' id='word_1_76' title='bbox 1297 938 1357 982; x_wconf 90' lang='lat' dir='ltr'><strong>ad</strong></span> <span class='ocrx_word' id='word_1_77' title='bbox 1389 938 1720 995; x_wconf 84' lang='lat' dir='ltr'><strong>septemdecim</strong></span> 
     </span>
     <span class='ocr_line' id='line_1_12' title="bbox 137 996 1817 1055; baseline -0.001 -13"><span class='ocrx_word' id='word_1_78' title='bbox 137 998 254 1042; x_wconf 92' lang='lat' dir='ltr'><strong>item</strong></span> <span class='ocrx_word' id='word_1_79' title='bbox 284 997 618 1055; x_wconf 88' lang='lat' dir='ltr'><strong>septemdecim</strong></span> <span class='ocrx_word' id='word_1_80' title='bbox 648 996 956 1053; x_wconf 82' lang='lat' dir='ltr'><strong>syllabarum:</strong></span> <span class='ocrx_word' id='word_1_81' title='bbox 989 996 1125 1052; x_wconf 87' lang='lat' dir='ltr'><strong>quid</strong></span> <span class='ocrx_word' id='word_1_82' title='bbox 1156 996 1265 1041; x_wconf 89' lang='lat' dir='ltr'><strong>ais&#39;</strong></span> <span class='ocrx_word' id='word_1_83' title='bbox 1300 1010 1338 1042; x_wconf 90' lang='lat' dir='ltr'><strong>e.</strong></span> <span class='ocrx_word' id='word_1_84' title='bbox 1364 1011 1407 1053; x_wconf 91' lang='lat' dir='ltr'><strong>q.</strong></span> <span class='ocrx_word' id='word_1_85' title='bbox 1433 1012 1468 1042; x_wconf 88' lang='lat' dir='ltr'><strong>s.</strong></span> <span class='ocrx_word' id='word_1_86' title='bbox 1509 997 1673 1055; x_wconf 89' lang='lat' dir='ltr'><strong>fragm.</strong></span> <span class='ocrx_word' id='word_1_87' title='bbox 1701 997 1817 1041; x_wconf 86' lang='lat' dir='ltr'><strong>San·</strong></span> 
     </span>
     <span class='ocr_line' id='line_1_13' title="bbox 135 1055 1022 1114; baseline -0.002 -13"><span class='ocrx_word' id='word_1_88' title='bbox 135 1057 247 1114; x_wconf 87' lang='lat' dir='ltr'><strong>gall.</strong></span> <span class='ocrx_word' id='word_1_89' title='bbox 281 1056 394 1102; x_wconf 81' lang='lat' dir='ltr'><strong>OGL</strong></span> <span class='ocrx_word' id='word_1_90' title='bbox 425 1057 490 1101; x_wconf 92' lang='lat' dir='ltr'><strong>VI</strong></span> <span class='ocrx_word' id='word_1_91' title='bbox 521 1061 606 1100; x_wconf 85' lang='lat'><strong>639</strong></span> <span class='ocrx_word' id='word_1_92' title='bbox 636 1056 690 1101; x_wconf 92' lang='grc' dir='ltr'><strong>Κ.</strong></span> <span class='ocrx_word' id='word_1_93' title='bbox 726 1055 1022 1113; x_wconf 83' lang='lat' dir='ltr'><strong>‘tribrachys&#39;</strong></span> 
     </span>
    </p>
   </div>
   <div class='ocr_carea' id='block_1_6' title="bbox 254 1143 1815 1203">
    <p class='ocr_par' dir='ltr' id='par_1_6' title="bbox 254 1143 1815 1203">
     <span class='ocr_line' id='line_1_14' title="bbox 254 1143 1815 1203; baseline 0.001 -14"><span class='ocrx_word' id='word_1_94' title='bbox 254 1145 448 1203; x_wconf 89' lang='lat' dir='ltr'><strong>Epidice</strong></span> <span class='ocrx_word' id='word_1_95' title='bbox 468 1145 763 1201; x_wconf 77' lang='lat' dir='ltr'><strong>Gaisfordius</strong></span> <span class='ocrx_word' id='word_1_96' title='bbox 778 1143 935 1201; x_wconf 88' lang='lat' dir='ltr'><strong>epidia</strong></span> <span class='ocrx_word' id='word_1_97' title='bbox 951 1161 1009 1189; x_wconf 78' lang='lat' dir='ltr'><strong>co.-</strong></span> <span class='ocrx_word' id='word_1_98' title='bbox 1035 1145 1225 1200; x_wconf 79' lang='lat' dir='ltr'><strong>fortasse</strong></span> <span class='ocrx_word' id='word_1_99' title='bbox 1247 1144 1354 1190; x_wconf 75' lang='lat' dir='ltr'><strong>hinc</strong></span> <span class='ocrx_word' id='word_1_100' title='bbox 1370 1158 1566 1202; x_wconf 76' lang='lat' dir='ltr'><strong>persona</strong></span> <span class='ocrx_word' id='word_1_101' title='bbox 1590 1146 1815 1190; x_wconf 78' lang='lat' dir='ltr'><strong>mutanda</strong></span> 
     </span>
    </p>
   </div>
   <div class='ocr_carea' id='block_1_7' title="bbox 134 1255 1094 1408">
    <p class='ocr_par' dir='ltr' id='par_1_7' title="bbox 134 1255 1094 1408">
     <span class='ocr_line' id='line_1_15' title="bbox 916 1255 1039 1303; baseline 0 0"><span class='ocrx_word' id='word_1_102' title='bbox 916 1255 1039 1303; x_wconf 85' lang='lat' dir='ltr'>XIII</span> 
     </span>
     <span class='ocr_line' id='line_1_16' title="bbox 134 1337 1094 1408; baseline -0.002 -16"><span class='ocrx_word' id='word_1_103' title='bbox 134 1337 331 1392; x_wconf 73' lang='lat' dir='ltr'><strong>Amare</strong></span> <span class='ocrx_word' id='word_1_104' title='bbox 370 1339 494 1392; x_wconf 92' lang='lat' dir='ltr'><strong>nolo</strong></span> <span class='ocrx_word' id='word_1_105' title='bbox 533 1338 630 1391; x_wconf 75' lang='lat' dir='ltr'><strong>nec</strong></span> <span class='ocrx_word' id='word_1_106' title='bbox 669 1338 867 1408; x_wconf 86' lang='lat' dir='ltr'><strong>dolere,</strong></span> <span class='ocrx_word' id='word_1_107' title='bbox 909 1337 1094 1391; x_wconf 77' lang='lat' dir='ltr'><strong>Clinia.</strong></span> 
     </span>
    </p>
   </div>
   <div class='ocr_carea' id='block_1_8' title="bbox 132 1439 1815 1731">
    <p class='ocr_par' dir='ltr' id='par_1_8' title="bbox 132 1439 1815 1731">
     <span class='ocr_line' id='line_1_17' title="bbox 255 1439 1815 1496; baseline 0 -13"><span class='ocrx_word' id='word_1_108' title='bbox 255 1440 432 1484; x_wconf 88' lang='lat' dir='ltr'><strong>Marius</strong></span> <span class='ocrx_word' id='word_1_109' title='bbox 463 1439 730 1484; x_wconf 88' lang='lat' dir='ltr'><strong>Victorinus</strong></span> <span class='ocrx_word' id='word_1_110' title='bbox 762 1439 791 1484; x_wconf 93' lang='lat'><strong>1·.</strong></span> <span class='ocrx_word' id='word_1_111' title='bbox 824 1439 855 1484; x_wconf 92' lang='lat'><strong>1.</strong></span> <span class='ocrx_word' id='word_1_112' title='bbox 889 1444 945 1484; x_wconf 83' lang='lat'><strong>62</strong></span> <span class='ocrx_word' id='word_1_113' title='bbox 976 1439 1031 1484; x_wconf 88' lang='lat' dir='ltr'><strong>K.</strong></span> <span class='ocrx_word' id='word_1_114' title='bbox 1067 1439 1398 1484; x_wconf 75' lang='lat' dir='ltr'><strong>‘acatalectum</strong></span> <span class='ocrx_word' id='word_1_115' title='bbox 1428 1442 1606 1496; x_wconf 88' lang='lat' dir='ltr'><strong>autem,</strong></span> <span class='ocrx_word' id='word_1_116' title='bbox 1640 1439 1729 1496; x_wconf 83' lang='lat' dir='ltr'><strong>cui,</strong></span> <span class='ocrx_word' id='word_1_117' title='bbox 1761 1442 1815 1484; x_wconf 89' lang='lat' dir='ltr'><strong>ut</strong></span> 
     </span>
     <span class='ocr_line' id='line_1_18' title="bbox 134 1498 1814 1556; baseline 0 -13"><span class='ocrx_word' id='word_1_118' title='bbox 134 1513 276 1556; x_wconf 88' lang='lat' dir='ltr'><strong>supra</strong></span> <span class='ocrx_word' id='word_1_119' title='bbox 309 1498 524 1555; x_wconf 84' lang='lat' dir='ltr'><strong>diximus,</strong></span> <span class='ocrx_word' id='word_1_120' title='bbox 555 1512 706 1554; x_wconf 92' lang='lat' dir='ltr'><strong>neque</strong></span> <span class='ocrx_word' id='word_1_121' title='bbox 738 1498 870 1543; x_wconf 91' lang='lat' dir='ltr'><strong>deest</strong></span> <span class='ocrx_word' id='word_1_122' title='bbox 900 1498 962 1543; x_wconf 85' lang='lat' dir='ltr'><strong>ad</strong></span> <span class='ocrx_word' id='word_1_123' title='bbox 992 1498 1225 1556; x_wconf 85' lang='lat' dir='ltr'><strong>integram</strong></span> <span class='ocrx_word' id='word_1_124' title='bbox 1255 1498 1633 1556; x_wconf 86' lang='lat' dir='ltr'><strong>coniugationem</strong></span> <span class='ocrx_word' id='word_1_125' title='bbox 1662 1512 1814 1555; x_wconf 87' lang='lat' dir='ltr'><strong>neque</strong></span> 
     </span>
     <span class='ocr_line' id='line_1_19' title="bbox 134 1557 1813 1614; baseline 0 -12"><span class='ocrx_word' id='word_1_126' title='bbox 134 1558 347 1603; x_wconf 90' lang='lat' dir='ltr'><strong>abundat</strong></span> <span class='ocrx_word' id='word_1_127' title='bbox 386 1557 656 1614; x_wconf 84' lang='lat' dir='ltr'><strong>quicquam,</strong></span> <span class='ocrx_word' id='word_1_128' title='bbox 703 1560 757 1602; x_wconf 92' lang='lat' dir='ltr'><strong>ut</strong></span> <span class='ocrx_word' id='word_1_129' title='bbox 795 1559 867 1602; x_wconf 89' lang='lat' dir='ltr'><strong>est</strong></span> <span class='ocrx_word' id='word_1_130' title='bbox 904 1558 993 1602; x_wconf 90' lang='lat' dir='ltr'><strong>hoc</strong></span> <span class='ocrx_word' id='word_1_131' title='bbox 1034 1557 1317 1603; x_wconf 87' lang='lat' dir='ltr'><strong>trimetrum:</strong></span> <span class='ocrx_word' id='word_1_132' title='bbox 1366 1559 1578 1602; x_wconf 88' lang='lat' dir='ltr'><strong>amare’</strong></span> <span class='ocrx_word' id='word_1_133' title='bbox 1629 1571 1666 1602; x_wconf 91' lang='lat' dir='ltr'><strong>e.</strong></span> <span class='ocrx_word' id='word_1_134' title='bbox 1701 1573 1744 1614; x_wconf 92' lang='lat' dir='ltr'><strong>q.</strong></span> <span class='ocrx_word' id='word_1_135' title='bbox 1777 1573 1813 1602; x_wconf 78' lang='lat' dir='ltr'><strong>s,</strong></span> 
     </span>
     <span class='ocr_line' id='line_1_20' title="bbox 133 1615 1812 1662; baseline 0.001 -1"><span class='ocrx_word' id='word_1_136' title='bbox 133 1617 308 1661; x_wconf 88' lang='lat' dir='ltr'><strong>Atilius</strong></span> <span class='ocrx_word' id='word_1_137' title='bbox 362 1615 725 1660; x_wconf 85' lang='lat' dir='ltr'><strong>Fortunatianus</strong></span> <span class='ocrx_word' id='word_1_138' title='bbox 771 1616 801 1662; x_wconf 90' lang='lat' dir='ltr'><strong>l.</strong></span> <span class='ocrx_word' id='word_1_139' title='bbox 841 1616 872 1661; x_wconf 92' lang='lat'><strong>1.</strong></span> <span class='ocrx_word' id='word_1_140' title='bbox 913 1620 998 1660; x_wconf 82' lang='lat'><strong>287</strong></span> <span class='ocrx_word' id='word_1_141' title='bbox 1037 1616 1091 1660; x_wconf 91' lang='grc' dir='ltr'><strong>Κ.</strong></span> <span class='ocrx_word' id='word_1_142' title='bbox 1143 1616 1423 1662; x_wconf 77' lang='lat' dir='ltr'><strong>‘trimetrum</strong></span> <span class='ocrx_word' id='word_1_143' title='bbox 1477 1617 1812 1662; x_wconf 87' lang='lat' dir='ltr'><strong>acatalectum:</strong></span> 
     </span>
     <span class='ocr_line' id='line_1_21' title="bbox 132 1677 1061 1731; baseline -0.003 -11"><span class='ocrx_word' id='word_1_144' title='bbox 132 1677 346 1721; x_wconf 90' lang='lat' dir='ltr'><strong>amare’</strong></span> <span class='ocrx_word' id='word_1_145' title='bbox 382 1689 419 1720; x_wconf 92' lang='lat' dir='ltr'><strong>e.</strong></span> <span class='ocrx_word' id='word_1_146' title='bbox 453 1690 495 1731; x_wconf 90' lang='lat' dir='ltr'><strong>q.</strong></span> <span class='ocrx_word' id='word_1_147' title='bbox 530 1690 563 1719; x_wconf 90' lang='lat' dir='ltr'><strong>s.</strong></span> <span class='ocrx_word' id='word_1_148' title='bbox 1059 1703 1061 1705; x_wconf 33' lang='lat' dir='ltr'>s</span> 
     </span>
    </p>
   </div>
   <div class='ocr_carea' id='block_1_9' title="bbox 132 1756 1902 1896">
    <p class='ocr_par' dir='ltr' id='par_1_9' title="bbox 132 1756 1902 1896">
     <span class='ocr_line' id='line_1_22' title="bbox 915 1756 1381 1804; baseline 0 -9"><span class='ocrx_word' id='word_1_149' title='bbox 915 1756 1033 1804; x_wconf 86' lang='lat' dir='ltr'><strong>X1V</strong></span> <span class='ocrx_word' id='word_1_150' title='bbox 1378 1793 1381 1795; x_wconf 11' lang='grc' dir='ltr'><strong>Α</strong></span> 
     </span>
     <span class='ocr_line' id='line_1_23' title="bbox 132 1825 1902 1896; baseline -0.004 -17"><span class='ocrx_word' id='word_1_151' title='bbox 132 1825 399 1896; x_wconf 85' lang='lat' dir='ltr'><strong>Thylacus</strong></span> <span class='ocrx_word' id='word_1_152' title='bbox 1815 1832 1870 1872; x_wconf 84' lang='lat'><strong>19</strong></span> <span class='ocrx_word' id='word_1_153' title='bbox 1886 1828 1902 1854; x_wconf 85' lang='lat'><strong>¹</strong></span> 
     </span>
    </p>
   </div>
   <div class='ocr_carea' id='block_1_10' title="bbox 130 1918 1812 2159">
    <p class='ocr_par' dir='ltr' id='par_1_10' title="bbox 130 1918 1812 2159">
     <span class='ocr_line' id='line_1_24' title="bbox 251 1918 1812 1983; baseline -0.001 -12"><span class='ocrx_word' id='word_1_154' title='bbox 251 1927 463 1971; x_wconf 85' lang='lat' dir='ltr'><strong>Donatus</strong></span> <span class='ocrx_word' id='word_1_155' title='bbox 488 1925 538 1969; x_wconf 91' lang='lat' dir='ltr'><strong>in</strong></span> <span class='ocrx_word' id='word_1_156' title='bbox 562 1926 664 1970; x_wconf 90' lang='lat' dir='ltr'><strong>Ter.</strong></span> <span class='ocrx_word' id='word_1_157' title='bbox 688 1925 830 1970; x_wconf 90' lang='lat' dir='ltr'><strong>Andr.</strong></span> <span class='ocrx_word' id='word_1_158' title='bbox 855 1926 877 1969; x_wconf 92' lang='lat' dir='ltr'>I</span> <span class='ocrx_word' id='word_1_159' title='bbox 901 1931 941 1982; x_wconf 87' lang='lat'><strong>3,</strong></span> <span class='ocrx_word' id='word_1_160' title='bbox 968 1930 1023 1969; x_wconf 82' lang='lat'><strong>21</strong></span> <span class='ocrx_word' id='word_1_161' title='bbox 1054 1918 1253 1983; x_wconf 61' lang='lat' dir='ltr'><strong>‘semper</strong></span> <span class='ocrx_word' id='word_1_162' title='bbox 1277 1961 1286 1970; x_wconf 90' lang='lat'><strong>.</strong></span> <span class='ocrx_word' id='word_1_163' title='bbox 1315 1961 1324 1970; x_wconf 93' lang='lat'><strong>.</strong></span> <span class='ocrx_word' id='word_1_164' title='bbox 1351 1960 1361 1971; x_wconf 90' lang='lat'><strong>.</strong></span> <span class='ocrx_word' id='word_1_165' title='bbox 1384 1926 1610 1970; x_wconf 90' lang='lat' dir='ltr'><strong>nomina</strong></span> <span class='ocrx_word' id='word_1_166' title='bbox 1640 1926 1812 1981; x_wconf 91' lang='lat' dir='ltr'><strong>comi-</strong></span> 
     </span>
     <span class='ocr_line' id='line_1_25' title="bbox 132 1984 1812 2042; baseline -0.001 -12"><span class='ocrx_word' id='word_1_167' title='bbox 132 2000 323 2030; x_wconf 90' lang='lat' dir='ltr'><strong>corum</strong></span> <span class='ocrx_word' id='word_1_168' title='bbox 369 1999 664 2029; x_wconf 89' lang='lat' dir='ltr'><strong>seruorum</strong></span> <span class='ocrx_word' id='word_1_169' title='bbox 710 1987 793 2029; x_wconf 89' lang='lat' dir='ltr'><strong>aut</strong></span> <span class='ocrx_word' id='word_1_170' title='bbox 832 1998 860 2028; x_wconf 88' lang='lat' dir='ltr'><strong>a</strong></span> <span class='ocrx_word' id='word_1_171' title='bbox 897 1984 1168 2029; x_wconf 88' lang='lat' dir='ltr'><strong>nationibus</strong></span> <span class='ocrx_word' id='word_1_172' title='bbox 1216 1987 1324 2029; x_wconf 91' lang='lat' dir='ltr'><strong>sunt</strong></span> <span class='ocrx_word' id='word_1_173' title='bbox 1368 1984 1520 2029; x_wconf 88' lang='lat' dir='ltr'><strong>indita</strong></span> <span class='ocrx_word' id='word_1_174' title='bbox 1565 1988 1619 2029; x_wconf 92' lang='lat' dir='ltr'><strong>ut</strong></span> <span class='ocrx_word' id='word_1_175' title='bbox 1663 1985 1812 2042; x_wconf 86' lang='lat' dir='ltr'><strong>Mysis</strong></span> 
     </span>
     <span class='ocr_line' id='line_1_26' title="bbox 133 2043 1811 2102; baseline 0 -13"><span class='ocrx_word' id='word_1_176' title='bbox 133 2045 295 2102; x_wconf 78' lang='lat' dir='ltr'><strong>SyruS‚</strong></span> <span class='ocrx_word' id='word_1_177' title='bbox 335 2047 418 2088; x_wconf 91' lang='lat' dir='ltr'><strong>aut</strong></span> <span class='ocrx_word' id='word_1_178' title='bbox 450 2057 506 2088; x_wconf 88' lang='lat' dir='ltr'><strong>ex</strong></span> <span class='ocrx_word' id='word_1_179' title='bbox 538 2043 857 2088; x_wconf 90' lang='lat' dir='ltr'><strong>accidentibus</strong></span> <span class='ocrx_word' id='word_1_180' title='bbox 896 2046 951 2088; x_wconf 90' lang='lat' dir='ltr'><strong>ut</strong></span> <span class='ocrx_word' id='word_1_181' title='bbox 986 2043 1177 2099; x_wconf 87' lang='lat' dir='ltr'><strong>Lesbia,</strong></span> <span class='ocrx_word' id='word_1_182' title='bbox 1217 2043 1349 2088; x_wconf 89' lang='lat' dir='ltr'><strong>uelut</strong></span> <span class='ocrx_word' id='word_1_183' title='bbox 1386 2044 1570 2089; x_wconf 88' lang='lat' dir='ltr'><strong>ebriosa</strong></span> <span class='ocrx_word' id='word_1_184' title='bbox 1603 2059 1631 2089; x_wconf 88' lang='lat' dir='ltr'><strong>a</strong></span> <span class='ocrx_word' id='word_1_185' title='bbox 1660 2045 1811 2089; x_wconf 90' lang='lat' dir='ltr'><strong>Lesbo</strong></span> 
     </span>
     <span class='ocr_line' id='line_1_27' title="bbox 130 2102 1811 2159; baseline 0.001 -12"><span class='ocrx_word' id='word_1_186' title='bbox 130 2104 309 2159; x_wconf 87' lang='lat' dir='ltr'><strong>insula,</strong></span> <span class='ocrx_word' id='word_1_187' title='bbox 350 2117 470 2159; x_wconf 86' lang='lat' dir='ltr'><strong>quae</strong></span> <span class='ocrx_word' id='word_1_188' title='bbox 503 2105 574 2147; x_wconf 86' lang='lat' dir='ltr'><strong>est</strong></span> <span class='ocrx_word' id='word_1_189' title='bbox 604 2103 735 2147; x_wconf 85' lang='lat' dir='ltr'><strong>ferax</strong></span> <span class='ocrx_word' id='word_1_190' title='bbox 767 2102 1033 2147; x_wconf 87' lang='lat' dir='ltr'><strong>suauissimi</strong></span> <span class='ocrx_word' id='word_1_191' title='bbox 1064 2102 1477 2159; x_wconf 88' lang='lat' dir='ltr'><strong>candidissimique</strong></span> <span class='ocrx_word' id='word_1_192' title='bbox 1508 2103 1629 2159; x_wconf 79' lang='lat' dir='ltr'><strong>uini,</strong></span> <span class='ocrx_word' id='word_1_193' title='bbox 1668 2106 1752 2147; x_wconf 90' lang='lat' dir='ltr'><strong>aut</strong></span> <span class='ocrx_word' id='word_1_194' title='bbox 1783 2118 1811 2148; x_wconf 83' lang='lat' dir='ltr'><strong>a</strong></span> 
     </span>
    </p>
   </div>
   <div class='ocr_carea' id='block_1_11' title="bbox 130 2161 1812 2338">
    <p class='ocr_par' dir='ltr' id='par_1_11' title="bbox 130 2161 1812 2338">
     <span class='ocr_line' id='line_1_28' title="bbox 132 2161 1812 2219; baseline 0 -12"><span class='ocrx_word' id='word_1_195' title='bbox 132 2163 339 2207; x_wconf 89' lang='lat' dir='ltr'><strong>moribus</strong></span> <span class='ocrx_word' id='word_1_196' title='bbox 372 2164 420 2207; x_wconf 90' lang='lat' dir='ltr'><strong>et</strong></span> <span class='ocrx_word' id='word_1_197' title='bbox 450 2161 721 2206; x_wconf 84' lang='lat' dir='ltr'><strong>uernilitate</strong></span> <span class='ocrx_word' id='word_1_198' title='bbox 752 2164 806 2205; x_wconf 90' lang='lat' dir='ltr'><strong>ut</strong></span> <span class='ocrx_word' id='word_1_199' title='bbox 835 2161 1114 2217; x_wconf 68' lang='lat' dir='ltr'><strong>Pseudfflus,</strong></span> <span class='ocrx_word' id='word_1_200' title='bbox 1155 2163 1238 2206; x_wconf 90' lang='lat' dir='ltr'><strong>aut</strong></span> <span class='ocrx_word' id='word_1_201' title='bbox 1277 2175 1334 2206; x_wconf 85' lang='lat' dir='ltr'><strong>ex</strong></span> <span class='ocrx_word' id='word_1_202' title='bbox 1362 2162 1552 2219; x_wconf 88' lang='lat' dir='ltr'><strong>negotio</strong></span> <span class='ocrx_word' id='word_1_203' title='bbox 1583 2165 1637 2207; x_wconf 89' lang='lat' dir='ltr'><strong>ut</strong></span> <span class='ocrx_word' id='word_1_204' title='bbox 1668 2162 1812 2219; x_wconf 85' lang='lat' dir='ltr'><strong>Chry-</strong></span> 
     </span>
     <span class='ocr_line' id='line_1_29' title="bbox 131 2220 1807 2278; baseline -0.001 -12"><span class='ocrx_word' id='word_1_205' title='bbox 131 2222 281 2278; x_wconf 81' lang='lat' dir='ltr'><strong>salus,</strong></span> <span class='ocrx_word' id='word_1_206' title='bbox 330 2223 428 2266; x_wconf 87' lang='lat' dir='ltr'><strong>aut</strong></span> <span class='ocrx_word' id='word_1_207' title='bbox 467 2234 531 2265; x_wconf 84' lang='lat' dir='ltr'><strong>ex</strong></span> <span class='ocrx_word' id='word_1_208' title='bbox 570 2220 858 2277; x_wconf 87' lang='lat' dir='ltr'><strong>qualitate</strong></span> <span class='ocrx_word' id='word_1_209' title='bbox 898 2220 1150 2277; x_wconf 88' lang='lat' dir='ltr'><strong>corporis</strong></span> <span class='ocrx_word' id='word_1_210' title='bbox 1190 2223 1242 2265; x_wconf 90' lang='lat' dir='ltr'><strong>ut</strong></span> <span class='ocrx_word' id='word_1_211' title='bbox 1280 2221 1587 2278; x_wconf 76' lang='lat' dir='ltr'><strong>ThylacUS‚</strong></span> <span class='ocrx_word' id='word_1_212' title='bbox 1627 2224 1710 2266; x_wconf 89' lang='lat' dir='ltr'><strong>aut</strong></span> <span class='ocrx_word' id='word_1_213' title='bbox 1750 2235 1807 2266; x_wconf 85' lang='lat' dir='ltr'><strong>ex</strong></span> 
     </span>
     <span class='ocr_line' id='line_1_30' title="bbox 130 2279 882 2338; baseline -0.001 -13"><span class='ocrx_word' id='word_1_214' title='bbox 130 2281 285 2338; x_wconf 90' lang='lat' dir='ltr'><strong>specie</strong></span> <span class='ocrx_word' id='word_1_215' title='bbox 316 2280 492 2330; x_wconf 85' lang='lat' dir='ltr'><strong>formae</strong></span> <span class='ocrx_word' id='word_1_216' title='bbox 523 2282 577 2324; x_wconf 94' lang='lat' dir='ltr'><strong>ut</strong></span> <span class='ocrx_word' id='word_1_217' title='bbox 606 2279 882 2324; x_wconf 89' lang='lat' dir='ltr'><strong>Pinacium.’</strong></span> 
     </span>
    </p>
   </div>
   <div class='ocr_carea' id='block_1_12' title="bbox 250 2368 677 2414">
    <p class='ocr_par' dir='ltr' id='par_1_12' title="bbox 250 2368 677 2414">
     <span class='ocr_line' id='line_1_31' title="bbox 250 2368 677 2414; baseline 0.002 -1"><span class='ocrx_word' id='word_1_218' title='bbox 250 2368 456 2413; x_wconf 86' lang='lat' dir='ltr'><strong>chilacus</strong></span> <span class='ocrx_word' id='word_1_219' title='bbox 489 2369 598 2414; x_wconf 83' lang='lat' dir='ltr'><strong>Par.</strong></span> <span class='ocrx_word' id='word_1_220' title='bbox 631 2369 677 2413; x_wconf 82' lang='lat' dir='ltr'><strong><em>A</em></strong></span> 
     </span>
    </p>
   </div>
   <div class='ocr_carea' id='block_1_13' title="bbox 130 2455 1806 2633">
    <p class='ocr_par' dir='ltr' id='par_1_13' title="bbox 130 2455 1806 2633">
     <span class='ocr_line' id='line_1_32' title="bbox 251 2455 1805 2514; baseline 0 -13"><span class='ocrx_word' id='word_1_221' title='bbox 251 2457 490 2514; x_wconf 84' lang='lat' dir='ltr'><strong>Subiungo</strong></span> <span class='ocrx_word' id='word_1_222' title='bbox 523 2456 686 2501; x_wconf 89' lang='lat' dir='ltr'><strong>statim</strong></span> <span class='ocrx_word' id='word_1_223' title='bbox 715 2455 919 2512; x_wconf 90' lang='lat' dir='ltr'><strong>reliquos</strong></span> <span class='ocrx_word' id='word_1_224' title='bbox 948 2455 1114 2500; x_wconf 87' lang='lat' dir='ltr'><strong>comici</strong></span> <span class='ocrx_word' id='word_1_225' title='bbox 1138 2455 1304 2500; x_wconf 88' lang='lat' dir='ltr'><strong>coloris</strong></span> <span class='ocrx_word' id='word_1_226' title='bbox 1328 2455 1593 2514; x_wconf 83' lang='lat' dir='ltr'><strong>versiculos,</strong></span> <span class='ocrx_word' id='word_1_227' title='bbox 1619 2457 1676 2501; x_wconf 91' lang='lat' dir='ltr'><strong>de</strong></span> <span class='ocrx_word' id='word_1_228' title='bbox 1701 2457 1805 2513; x_wconf 87' lang='lat' dir='ltr'><strong>qui·</strong></span> 
     </span>
     <span class='ocr_line' id='line_1_33' title="bbox 130 2514 1806 2583; baseline 0 -23"><span class='ocrx_word' id='word_1_229' title='bbox 130 2517 218 2561; x_wconf 90' lang='lat' dir='ltr'><strong>bus</strong></span> <span class='ocrx_word' id='word_1_230' title='bbox 250 2519 409 2560; x_wconf 88' lang='lat' dir='ltr'><strong>tamen</strong></span> <span class='ocrx_word' id='word_1_231' title='bbox 441 2515 636 2583; x_wconf 79' lang='lat' dir='ltr'><strong>singulis</strong></span> <span class='ocrx_word' id='word_1_232' title='bbox 669 2515 914 2582; x_wconf 77' lang='lat' dir='ltr'><strong>decernere</strong></span> <span class='ocrx_word' id='word_1_233' title='bbox 940 2529 1034 2559; x_wconf 92' lang='lat' dir='ltr'><strong>non</strong></span> <span class='ocrx_word' id='word_1_234' title='bbox 1058 2514 1221 2572; x_wconf 84' lang='lat' dir='ltr'><strong>ausim,</strong></span> <span class='ocrx_word' id='word_1_235' title='bbox 1254 2514 1329 2559; x_wconf 92' lang='lat' dir='ltr'><strong>cui</strong></span> <span class='ocrx_word' id='word_1_236' title='bbox 1350 2515 1647 2572; x_wconf 89' lang='lat' dir='ltr'><strong>potissimum</strong></span> <span class='ocrx_word' id='word_1_237' title='bbox 1668 2515 1806 2560; x_wconf 86' lang='lat' dir='ltr'><strong>fabu-</strong></span> 
     </span>
     <span class='ocr_line' id='line_1_34' title="bbox 130 2574 907 2633; baseline -0.001 -13"><span class='ocrx_word' id='word_1_238' title='bbox 130 2575 282 2620; x_wconf 90' lang='lat' dir='ltr'><strong>larum</strong></span> <span class='ocrx_word' id='word_1_239' title='bbox 313 2574 473 2633; x_wconf 90' lang='lat' dir='ltr'><strong>generi</strong></span> <span class='ocrx_word' id='word_1_240' title='bbox 506 2577 601 2619; x_wconf 88' lang='lat' dir='ltr'><strong>smt</strong></span> <span class='ocrx_word' id='word_1_241' title='bbox 631 2574 907 2619; x_wconf 78' lang='lat' dir='ltr'><strong>ascribendi.</strong></span> 
     </span>
    </p>
   </div>
   <div class='ocr_carea' id='block_1_14' title="bbox 924 2669 1016 2717">
    <p class='ocr_par' dir='ltr' id='par_1_14' title="bbox 924 2669 1016 2717">
     <span class='ocr_line' id='line_1_35' title="bbox 924 2669 1016 2717; baseline 0 0"><span class='ocrx_word' id='word_1_242' title='bbox 924 2669 1016 2717; x_wconf 90' lang='lat' dir='ltr'><strong>XV</strong></span> 
     </span>
    </p>
   </div>
   <div class='ocr_carea' id='block_1_15' title="bbox 130 2752 1899 2836">
    <p class='ocr_par' dir='ltr' id='par_1_15' title="bbox 130 2752 1899 2836">
     <span class='ocr_line' id='line_1_36' title="bbox 130 2752 1899 2836; baseline 0.001 -30"><span class='ocrx_word' id='word_1_243' title='bbox 130 2795 144 2836; x_wconf 75' lang='lat'><strong>.</strong></span> <span class='ocrx_word' id='word_1_244' title='bbox 184 2796 194 2806; x_wconf 94' lang='lat'><strong>.</strong></span> <span class='ocrx_word' id='word_1_245' title='bbox 235 2797 244 2806; x_wconf 91' lang='lat'><strong>.</strong></span> <span class='ocrx_word' id='word_1_246' title='bbox 284 2753 613 2807; x_wconf 71' lang='lat' dir='ltr'><strong>halofantam</strong></span> <span class='ocrx_word' id='word_1_247' title='bbox 650 2753 956 2807; x_wconf 73' lang='lat' dir='ltr'><strong>mendacem</strong></span> <span class='ocrx_word' id='word_1_248' title='bbox 994 2752 1126 2806; x_wconf 89' lang='lat' dir='ltr'><strong>uelit</strong></span> <span class='ocrx_word' id='word_1_249' title='bbox 1841 2769 1899 2808; x_wconf 80' lang='lat'><strong>20</strong></span> 
     </span>
    </p>
   </div>
   <div class='ocr_carea' id='block_1_16' title="bbox 129 2853 1807 2970">
    <p class='ocr_par' dir='ltr' id='par_1_16' title="bbox 129 2853 1807 2970">
     <span class='ocr_line' id='line_1_37' title="bbox 247 2853 1807 2912; baseline 0.001 -13"><span class='ocrx_word' id='word_1_250' title='bbox 247 2854 426 2899; x_wconf 88' lang='lat' dir='ltr'><strong>Nonius</strong></span> <span class='ocrx_word' id='word_1_251' title='bbox 457 2869 502 2912; x_wconf 91' lang='lat' dir='ltr'><strong>p.</strong></span> <span class='ocrx_word' id='word_1_252' title='bbox 529 2859 627 2910; x_wconf 82' lang='lat'>120,</span> <span class='ocrx_word' id='word_1_253' title='bbox 655 2859 709 2898; x_wconf 80' lang='lat'><strong>12</strong></span> <span class='ocrx_word' id='word_1_254' title='bbox 744 2853 1129 2898; x_wconf 72' lang='lat' dir='ltr'><strong>‘halofantam</strong></span> <span class='ocrx_word' id='word_1_255' title='bbox 1161 2890 1171 2899; x_wconf 94' lang='lat'><strong>.</strong></span> <span class='ocrx_word' id='word_1_256' title='bbox 1198 2889 1206 2898; x_wconf 87' lang='lat'><strong>.</strong></span> <span class='ocrx_word' id='word_1_257' title='bbox 1234 2890 1243 2898; x_wconf 95' lang='lat'><strong>.</strong></span> <span class='ocrx_word' id='word_1_258' title='bbox 1276 2853 1469 2898; x_wconf 89' lang='lat' dir='ltr'><strong>Plautus</strong></span> <span class='ocrx_word' id='word_1_259' title='bbox 1501 2853 1648 2912; x_wconf 81' lang='lat' dir='ltr'><strong>(Cure.</strong></span> <span class='ocrx_word' id='word_1_260' title='bbox 1676 2857 1807 2912; x_wconf 81' lang='lat'>463):</span> 
     </span>
     <span class='ocr_line' id='line_1_38' title="bbox 129 2911 1807 2970; baseline 0.001 -14"><span class='ocrx_word' id='word_1_261' title='bbox 129 2911 423 2958; x_wconf 86' lang='lat' dir='ltr'><strong>halofantam</strong></span> <span class='ocrx_word' id='word_1_262' title='bbox 469 2917 552 2958; x_wconf 89' lang='lat' dir='ltr'><strong>aut</strong></span> <span class='ocrx_word' id='word_1_263' title='bbox 597 2914 934 2970; x_wconf 86' lang='lat' dir='ltr'><strong>sycophantam</strong></span> <span class='ocrx_word' id='word_1_264' title='bbox 979 2913 1129 2970; x_wconf 86' lang='lat' dir='ltr'><strong>magis</strong></span> <span class='ocrx_word' id='word_1_265' title='bbox 1176 2926 1276 2957; x_wconf 87' lang='lat' dir='ltr'><strong>esse</strong></span> <span class='ocrx_word' id='word_1_266' title='bbox 1322 2913 1493 2958; x_wconf 75' lang='lat' dir='ltr'><strong>dicam.¹</strong></span> <span class='ocrx_word' id='word_1_267' title='bbox 1551 2915 1606 2958; x_wconf 90' lang='lat' dir='ltr'><strong>et</strong></span> <span class='ocrx_word' id='word_1_268' title='bbox 1654 2913 1807 2958; x_wconf 83' lang='lat' dir='ltr'><strong>alius</strong></span> 
     </span>
    </p>
   </div>
  </div>
 </body>
</html>
