2060 3140
448 119 536 164 AN
539 119 893 167 ONYMORVM
921 122 1217 168 MJMORVM
1245 123 1572 178 RELIQVIAE
1739 125 1849 178 383

896 306 1111 354 XXVHI

166 371 356 441 strigio

289 471 437 516 Gloss.
463 473 583 518 Scal.
614 474 664 518 in
695 474 788 519 CGl
811 476 853 520 V
882 480 967 519 610
999 475 1052 521 G.
1088 475 1292 533 ‘strigio,
1331 476 1569 522 mimarius
1602 477 1844 524 scenicus?

79 575 86 580 ,
165 530 240 573 An
281 531 423 575 strio
462 532 538 576 vel
575 533 765 591 iwrio,
805 534 835 580 i.
869 548 906 579 e.
943 534 1140 580 histrio?

882 703 1127 751 XXV1H³

276 797 449 853 Varro
490 799 552 853 de
590 801 625 854 l.
656 801 689 853 l.
722 801 799 854 VI
839 802 906 854 61
950 802 1086 855 ‘dico
1134 845 1144 854 .
1186 844 1197 854 .
1237 842 1248 854 .
1291 844 1302 854 .
1346 802 1471 855 hinc
1518 804 1842 873 appellatum

166 886 404 939 dictum
452 888 508 940 in
554 889 719 942 mimo
768 908 827 942 ac
875 889 1215 943 dictiosus.'

922 1070 1084 1117 XXIX

273 1165 611 1237 Augustinus
661 1169 723 1221 de
774 1169 870 1221 civ.
922 1169 1005 1221 dei
1055 1168 1132 1221 VI
1183 1169 1212 1220 7
1270 1168 1555 1239 ‘numquid
1606 1170 1840 1240 Priapo

162 1254 360 1324 mimi,
405 1274 516 1308 non
558 1257 718 1309 etiam
757 1257 1053 1310 sacerdotes
1099 1258 1377 1309 enormia
1420 1258 1707 1326 pudenda
1752 1260 1841 1311 fe-

163 1343 423 1395 cerunt?
484 1363 553 1396 an
584 1345 739 1397 aliter
770 1348 876 1398 stat
912 1345 1206 1398 adorandus
1237 1345 1293 1397 in
1324 1345 1455 1398 locis
1485 1346 1647 1398 sacris
1679 1364 1838 1415 quam

159 1431 404 1499 procedit
442 1432 694 1485 ridendus
732 1434 789 1486 in
826 1433 1114 1486 theatris?’
1178 1431 1254 1486 Of.
1293 1431 1435 1485 XIX.
1497 1431 1693 1486 Seneca
1730 1438 1838 1488 nat.

162 1538 247 1588 qu.
284 1518 311 1572 I
353 1519 437 1590 16,
472 1521 499 1572 1
544 1520 794 1574 ‘Hostius
830 1522 935 1573 fuit
975 1520 1184 1584 Quadra
1222 1521 1567 1574 obscenitatis
1604 1523 1661 1574 in
1699 1541 1838 1575 scae-

159 1627 283 1660 nam
321 1627 490 1678 usque
527 1610 835 1679 productae'
877 1629 917 1663 e.
950 1629 998 1679 q.
1031 1628 1068 1662 S.

277 1724 455 1768 Eadem
485 1724 581 1768 fere
615 1723 860 1779 ‘numquid
891 1723 1014 1767 enim
1043 1723 1212 1779 Priapo
1251 1723 1382 1766 mimi
1423 1737 1475 1767 ac-
1513 1726 1702 1780 poetae,
1740 1738 1836 1768 non

160 1783 303 1827 etiam
342 1784 624 1827 sacerdotes’
660 1797 698 1827 e.
724 1797 766 1838 q.
793 1797 827 1827 s.
889 1782 1034 1826 habet
1067 1781 1290 1826 Boethius
1330 1782 1386 1825 de
1427 1782 1498 1826 dis
1535 1784 1582 1826 et
1618 1796 1836 1839 praesen-

158 1841 368 1887 sionibus
398 1842 449 1885 in
480 1842 641 1887 scholl.
668 1841 809 1887 Cicer.
843 1842 914 1886 ed.
941 1841 1084 1885 Orelli
1114 1842 1156 1884 II
1185 1856 1229 1898 p.
1257 1845 1356 1895 392,
1381 1846 1451 1885 37.

933 2011 1069 2058 XXX

271 2109 469 2163 Seneca
523 2112 673 2181 epist.
724 2110 851 2179 114,
897 2110 929 2161 6
986 2108 1130 2177 ‘qui'
1179 2105 1499 2179 (Maecenas)
1551 2106 1633 2159 ‘in
1687 2108 1834 2160 omni

155 2199 374 2266 publico
414 2202 569 2252 coetu
609 2200 685 2252 sic
724 2197 1041 2268 adparuerit,
1078 2201 1140 2248 ut
1178 2196 1341 2265 pallio
1375 2195 1643 2247 uelaretur
1672 2198 1835 2264 caput

157 2287 386 2339 exclusis
432 2288 703 2357 utrimque
743 2286 959 2339 auribus
966 2328 981 2355 7
1024 2303 1133 2337 non
1171 2284 1327 2336 aliter
1366 2301 1525 2351 quam
1570 2283 1627 2334 in
1664 2283 1831 2336 mimo

155 2376 428 2446 fugitiui
476 2376 703 2428 diuitis
749 2374 955 2428 solent.⁹
1022 2372 1097 2425 Cf.
1137 2370 1219 2424 III
1258 2374 1311 2424 et
1347 2370 1439 2423 IV.

274 2490 482 2535 diuitis
512 2490 711 2547 Lipsius,
745 2491 841 2533 Bue
880 2488 1093 2532 diuites
1125 2487 1369 2543 Bamberg.
1403 2486 1602 2530 dautes
1633 2486 1828 2543 Argent.

154 2549 374 2594 milites
413 2550 648 2607 Hauptius
679 2550 832 2594 Herm.
858 2549 943 2593 VII
975 2552 1072 2592 182.

911 2715 1072 2763 XXXI

264 2817 486 2871 Ovidius
513 2818 649 2870 trist.
673 2815 726 2869 II
754 2816 859 2867 497
886 2833 999 2883 sqq.
1024 2812 1172 2882 ‘quid
1203 2812 1247 2864 si
1279 2811 1603 2880 scripsissem
1633 2810 1828 2864 mimos

150 2907 380 2960 obscena
403 2907 651 2974 iocantes,
669 2905 771 2968 Qui
794 2920 1001 2972 semper
1023 2901 1135 2953 ficti
1157 2901 1355 2953 crimen
1378 2899 1571 2952 amoris
1590 2898 1828 2951 habent?
