2060 3140
246 135 354 188 130
794 131 1020 177 SEXTVS
1053 130 1366 176 TVRPILsvs

703 272 791 320 EX
828 270 1134 319 INGERTIS
1173 269 1453 348 FABVLIS

1064 373 1091 421 I

246 459 371 514 Sola
424 478 507 512 res
561 477 694 529 quae
746 457 988 511 homines
1042 457 1285 509 absentes
1333 456 1558 526 <1161113>
1610 459 1918 526 praesentes

1208 544 1350 596 facit.

356 647 662 703 Hieronymus
687 645 820 702 epist.
846 650 902 690 42
931 646 967 702 (I
989 660 1033 702 p.
1061 650 1117 689 94
1141 659 1170 689 a
1193 645 1264 689 ed.
1289 644 1456 702 Amst.)
1492 644 1745 702 ‘Turpilius
1771 646 1913 691 eomi-

242 720 322 750 cus
361 708 618 750 tractans
659 705 724 749 de
762 703 1174 748 uicissitudine
1211 703 1514 747 literarum
1557 703 1702 761 sola,
1746 705 1917 763 inquit,

240 778 328 809 res
360 766 446 808 est
475 777 618 821 quae
648 763 901 808 homines
935 763 1201 807 absentes
1231 764 1567 819 praesentes
1599 762 1758 808 facit.
1818 764 1918 809 Nee

239 823 409 868 falsam
439 822 570 867 dedit
599 837 881 878 quamquam
903 821 953 865 in
975 835 1024 866 re
1047 835 1142 866 non
1164 834 1277 866 uera
1301 821 1595 867 sententiam.
1647 822 1770 876 Quid
1793 822 1918 867 enim

240 884 331 938 est,
362 885 416 927 ut
444 881 514 926 ita
545 881 718 938 dicam,
749 884 849 926 tam
877 894 1094 938 praesens
1126 880 1249 924 inter
1280 881 1498 925 absentes
1533 895 1675 936 quam
1704 894 1788 938 per
1820 881 1917 939 epi-

241 941 384 985 stolas
424 943 472 985 et
508 940 685 996 alloqui
727 943 775 984 et
804 939 965 985 audire
997 953 1112 996 quos
1144 938 1314 997 diligas
1325 940 1363 985 ·?’
1428 939 1494 984 Cf.
1529 939 1816 984 Philemonis
1861 954 1918 985 ex

238 999 437 1057 Apolide
466 1014 646 1044 versus:
695 1000 798 1057 οὐχὶ
835 999 979 1057 μόνον
1019 995 1152 1050 οὗτος
1183 994 1287 1055 εὗρε
1317 1006 1416 1050 πῶς
1446 998 1706 1057 λαλήσομεν
1736 1000 1916 1056 Αὑτοῖς,

238 1057 488 1132 &wigornae
516 1059 664 1104 πολὺν
694 1057 778 1103 ἀπ’
806 1057 1010 1114 ἀλλήλων
1040 1055 1224 1116 χρόνον,
1253 1054 1369 1102 Οὐδ’
1401 1056 1454 1103 ὃν
1477 1056 1655 1115 τρόπον
1684 1056 1916 1116 μηδέποτε

238 1119 355 1174 μηδε
394 1114 458 1169 εἷς
494 1116 636 1162 πάλιν
668 1115 939 1174 'Exime-813³
975 1116 1105 1174 ἡμῶν
1136 1115 1295 1190 ξιηὸέν,
1337 1114 1568 1176 ἐμβλέψας
1603 1115 1655 1161 δέ
1684 1133 1778 1162 που
1814 1116 1916 1162 Τάκ

237 1183 319 1220 τοῦ
349 1175 518 1234 χρόνου
549 1182 631 1221 τοῦ
661 1176 837 1227 παντὸς
861 1173 1014 1232 εἴσεις’,
1047 1177 1164 1220 ἀλλα
1186 1176 1266 1219 καὶ
1293 1177 1454 1233 Ψυχῆς
1479 1175 1645 1233 ἰατρὸν
1669 1175 1918 1222 κατέλιπεν

235 1234 294 1279 τὰ
325 1234 581 1293 γράμματα.
643 1235 766 1279 Nam
797 1235 854 1279 de
886 1234 1088 1291 epistula
1120 1234 1245 1291 apud
1274 1235 1524 1290 utrumque
1560 1248 1708 1279 sermo
1741 1237 1825 1279 est.

354 1323 417 1368 In
453 1324 762 1371 constituendo
790 1336 922 1368 versu
952 1322 1281 1380 Kiesslinyium
1317 1327 1493 1367 secutus
1531 1336 1653 1369 sum:
1702 1322 1802 1368 sola
1840 1337 1917 1368 res

237 1383 308 1425 est
337 1395 456 1437 quae
485 1383 753 1439 praesentes
783 1381 828 1427 h.
862 1380 1077 1425 absentes
1108 1380 1225 1425 facit
1259 1380 1548 1436 Grautoffius
1910 1407 1911 1410 =

1057 1491 1108 1539 H

251 1618 262 1628 .
303 1618 314 1628 .
354 1618 364 1629 .
405 1576 555 1645 quasi
594 1593 715 1628 eum
752 1576 944 1628 uentus
982 1575 1088 1628 fert
1124 1593 1316 1628 nauem
1354 1574 1413 1628 1'n
1449 1593 1600 1628 mare

147 1679 233 1718 215
253 1661 523 1717 Secundus
530 1706 546 1734 ,
584 1664 628 1717 si
668 1664 787 1733 quis
824 1663 1111 1733 propedem
1149 1662 1299 1716 misit
1337 1663 1446 1717 suis

248 1750 398 1805 Velss
435 1752 756 1806 ministrum.

348 1851 552 1896 Isidorus
593 1851 718 1910 Orig.
750 1852 877 1908 XIX,
908 1858 936 1897 4
972 1854 1198 1910 ‘propes
1237 1852 1384 1908 funis,
1424 1866 1516 1908 quo
1554 1866 1637 1909 pes
1677 1852 1773 1897 11311
1808 1852 1916 1897 alli—

232 1912 389 1968 gatur,
422 1911 557 1967 quasi
587 1925 730 1968 prope
759 1912 914 1969 pedes.
978 1912 1035 1956 de
1067 1925 1158 1968 quo
1191 1911 1447 1968 Turpilius:
1488 1912 1624 1967 quasi
1658 1948 1666 1956 .
1695 1948 1703 1956 .
1731 1948 1741 1957 .
1772 1911 1914 1956 mini-

233 1970 412 2014 strum.’

1123 2040 1149 2063 V

351 2078 373 2117 1
401 2086 487 2117 oon
513 2073 723 2119 German.
747 2079 929 2131 uterque
1013 2075 1166 2127 uentis
1201 2073 1347 2121 Germ.
1381 2077 1466 2118 806
1498 2072 1657 2117 uentis
1691 2074 1913 2129 Wolfe‘nb.

230 2133 415 2178 Monac.
452 2132 600 2179 Germ.
632 2137 717 2177 805
822 2132 914 2177 fert
964 2134 1036 2177 est
1065 2134 1132 2178 ed.
1158 2147 1232 2190 pr.
1265 2133 1411 2179 altera
1514 2131 1676 2176 nauim
1707 2134 1818 2179 Par.

229 2190 347 2234 mari
379 2191 564 2237 Monac.
697 2196 722 2235 2
756 2205 896 2235 secun
933 2191 970 2236 's
1002 2192 1153 2237 Paris.
1189 2191 1278 2237 Gu.
1309 2206 1340 2236 a
1370 2190 1538 2235 sedens
1572 2192 1682 2237 Zitt.
1803 2205 1910 2248 pro—

228 2250 382 2306 pedon
420 2251 639 2306 Wolfenb.
673 2251 857 2297 Momw.
893 2250 1105 2296 German.
1137 2256 1320 2308 uterque
1491 2249 1591 2294 suis
1623 2250 1741 2294 113113
1772 2250 1911 2294 1111111-

231 2311 376 2352 strum
398 2310 567 2358 conieci
589 2309 628 2360 si
647 2309 743 2353 ueli
765 2308 1029 2353 ministrum
1052 2309 1161 2354 Zitt.
1187 2307 1226 2352 si
1249 2307 1345 2352 ueli
1368 2308 1503 2365 (uelis
1536 2309 1685 2355 Germ.
1709 2312 1911 2367 uterque)

231 2367 468 2413 sinistrum
506 2369 725 2424 Wolfenb.
757 2368 943 2414 Monac.
979 2368 1223 2414 Germarm.
1284 2367 1527 2413 Audacius
1571 2370 1625 2413 in
1661 2370 1769 2414 haec
1789 2382 1911 2414 eon-

229 2428 372 2473 suluit
405 2427 712 2484 Grautofftus,
759 2429 839 2485 qui
873 2428 952 2472 hos
988 2427 1191 2472 senarios
1227 2428 1483 2483 temptavit.-
1535 2427 1671 2483 quasi
1703 2428 1807 2471 311111
1838 2440 1909 2471 33-

231 2485 408 2587 31111111ιέ
430 2487 597 2530 uentus
627 2485 720 2531 fert
747 2485 908 2531 nauim
937 2485 988 2529 in
1017 2498 1144 2531 mare
1177 2484 1226 2528 Si
1256 2486 1360 2541 quis
1392 2485 1638 2530 sinistrum
1661 2485 1790 2530 misit
1811 2485 1909 2530 ueli

232 2557 375 2600 prope
411 2557 485 2588 em

1028 2625 1106 2673 111

230 2706 477 2776 glabrum
515 2711 693 2778 tapete
768 2762 772 2764 ,

345 2807 524 2852 Nonius
556 2814 656 2866 229,
690 2814 716 2854 5
751 2811 972 2867 ‘tapete
1003 2809 1185 2867 generis
1216 2809 1383 2854 neutri.
1447 2805 1682 2868 Turpilius
1715 2812 1762 2855 et
1794 2782 1907 2855 Cae—³

229 2864 384 2911 cilius:
419 2881 461 2923 g.
487 2868 540 2911 t.’
601 2868 731 2913 Idem
761 2874 861 2924 542,
895 2873 949 2912 18
983 2869 1224 2926 ‘tapete,
1255 2870 1444 2927 tegmen
1474 2870 1607 2913 unite
1637 2869 1815 2926 pictum
1847 2869 1906 2913 de

186 2959 189 2962 .
227 2923 458 2968 coloribus
490 2926 632 2970 uariis
666 2963 674 2972 .
702 2963 712 2974 .
738 2928 767 2974 .’
832 2927 897 2972 Cf.
929 2927 1092 2972 Festus
1123 2943 1167 2984 p.
1201 2932 1284 2972 351
1317 2928 1380 2972 Μ.
1414 2929 1635 2986 (Demetr.
1669 2928 1815 2985 XVII)
