2060 3140
227 135 335 188 374
917 133 1205 178 ANONYMI

774 318 1344 389 ANONYMI

979 463 1158 511 FABA

340 563 521 616 Cicero
562 562 627 614 ad
661 559 773 614 Att.
805 560 831 614 I
875 562 958 630 16,
994 562 1060 614 13
1100 562 1336 614 tuidesne
1375 563 1710 615 consulatum
1748 563 1902 616 illum

224 655 485 719 nostrum,
525 668 682 719 quem
717 648 877 702 Curio
918 652 1072 702 antea
1103 649 1420 703 ἀποθέωσιν
1458 650 1700 736 uocabat,
1739 652 1784 704 si
1815 652 1903 704 hic

223 741 395 792 factus
435 739 556 807 erit,
594 738 824 790 Fabam
862 739 1116 790 mimum
1153 738 1461 791 futurum‘?'

345 841 518 884 Seneca
551 839 786 896 apocoloc.
821 844 846 882 9
890 839 1041 895 ‘olim,
1085 838 1259 896 inquit,
1302 853 1476 897 magna
1512 854 1585 884 res
1625 842 1726 884 erat
1766 841 1904 885 deum

226 900 339 956 fieri,
371 899 467 943 iam
489 899 695 942 famam
721 898 914 941 mimum
945 897 1157 942 fecistis’
1209 898 1322 943 Cum
1353 899 1479 955 apud
1508 901 1755 955 utrumque
1787 901 1904 944 ἀπο-

224 961 438 1009 θεώσεως
467 957 642 1002 mentio
669 958 765 1014 fiat,
799 960 1123 1014 argumentum
1153 957 1283 1001 mimi
1308 957 1386 1002 vix
1410 957 1541 1002 aliud
1571 958 1715 1002 fuisse
1745 961 1904 1016 potest

226 1033 367 1074 quam
403 1016 685 1074 Pythagorei
723 1017 780 1060 de
818 1016 1098 1073 migratione
1139 1016 1322 1060 animae
1362 1016 1595 1074 dogmatis
1630 1020 1900 1075 praecepto-

225 1090 418 1132 rumque
444 1076 503 1119 ad
527 1075 703 1119 victum
731 1075 1066 1132 pertinentium
1087 1075 1248 1119 inrisio
1274 1075 1399 1132 (hist.
1421 1090 1545 1132 poeS.
1563 1076 1694 1122 Rom.
1714 1077 1759 1120 1²
1784 1083 1902 1126 226).

225 1136 381 1180 Fabae
404 1134 665 1178 reverentia
691 1137 916 1190 quantam
940 1134 1124 1178 ridendi
1154 1134 1400 1178 materiam
1428 1135 1710 1192 praebuerit,
1741 1149 1903 1180 causa-

225 1210 327 1237 rum
366 1193 535 1250 quibus
576 1192 864 1237 abstinentia
903 1192 1002 1237 eius
1038 1207 1076 1237 0.
1110 1206 1147 1237 0.
1179 1192 1229 1236 in
1260 1193 1505 1250 Porphyrii
1535 1194 1635 1237 vita
1674 1208 1711 1239 0.
1735 1199 1794 1238 44
1830 1194 1905 1238 fir-

225 1256 381 1297 matur
423 1252 613 1309 ineptiis
661 1251 774 1295 satis
822 1251 1099 1296 declaratur.
1167 1252 1352 1296 Novam
1391 1266 1539 1309 nuper
1581 1252 1906 1298 ariolationem

225 1312 444 1356 inanibus
477 1313 759 1355 exstructam
792 1311 1076 1368 argumentis
1107 1325 1190 1367 pro
1224 1313 1351 1355 certa
1381 1311 1595 1355 vendidit
1622 1312 1706 1356 Th.
1723 1312 1827 1357 Birt
1855 1312 1905 1356 in

226 1370 450 1415 Dieterici
481 1369 741 1414 Pulcinella
765 1374 848 1414 277
869 1385 933 1426 sq.
967 1371 1157 1426 eiusque
1191 1370 1438 1414 adsensum
1469 1370 1581 1414 tulit
1611 1386 1654 1427 p.
1682 1376 1750 1415 91.
1807 1371 1905 1416 Nec

226 1431 445 1474 fatuum
469 1429 692 1472 mimum
714 1429 874 1487 probo,
900 1430 1025 1485 quod
1042 1430 1094 1474 Ο.
1109 1429 1386 1473 E.Schmidt
1402 1429 1636 1487 Philologi
1651 1445 1695 1475 n.
1712 1445 1745 1474 s.
1760 1431 1802 1473 X
1821 1435 1906 1475 554

225 1489 479 1547 proposuit.

793 1612 1341 1661 LASERPIOIARIVS

335 1713 619 1766 Petronius
659 1731 700 1765 0.
733 1712 803 1765 35
845 1713 1024 1781 ‘atque
1071 1712 1183 1781 ipse
1230 1713 1391 1765 etiam
1434 1713 1739 1766 taeterrima
1776 1731 1908 1766 uoce
1958 1739 1962 1743 ·

229 1802 290 1854 (10
328 1802 712 1871 Laserpiciario
752 1802 917 1854 mimo
958 1802 1276 1853 canticum
1316 1802 1575 1855 extorsit'

958 1981 1180 2031 TVTOR

346 2066 412 2111 of.
447 2080 581 2110 anon.
613 2065 738 2109 mim.
771 2065 972 2109 IV—VI.

343 2156 527 2210 Cicero
576 2157 638 2210 de
685 2160 816 2210 orat.
855 2155 909 2209 II
956 2157 1049 2226 64,
1089 2156 1195 2208 259
1245 2157 1372 2209 ‘non
1417 2156 1677 2209 insulsum
1722 2158 1910 2227 genus'

231 2244 490 2317 (ridiculi)
533 2246 617 2298 eex
656 2264 740 2315 eo,
784 2263 905 2297 cum
944 2245 1010 2297 ad
1047 2245 1295 2314 uerbum,
1342 2263 1450 2297 non
1490 2245 1557 2297 ad
1593 2246 1911 2298 sententiam

229 2353 342 2386 rem
394 2335 630 2404 accipere
679 2334 915 2403 uideare,
970 2352 1035 2386 ex
1082 2352 1188 2402 quo
1238 2351 1345 2385 uno
1396 2351 1588 2404 genere
1637 2337 1795 2402 totus
1835 2337 1913 2387 est

232 2422 415 2493 Tutor,
453 2424 649 2475 mimus
687 2425 843 2475 uetus
883 2422 1079 2491 oppido
1118 2422 1409 2474 ridiculus.⁹

844 2604 1040 2652 ALIVS
1080 2603 1291 2651 MIMVS

350 2700 516 2743 onris
559 2703 717 2757 partes
760 2700 1036 2757 Thymelen,
1083 2699 1241 2744 mariti
1288 2699 1560 2743 Corinthum
1607 2699 1757 2756 egisse
1805 2712 1913 2742 0011-

233 2757 447 2813 legerunt
486 2773 542 2803 ex
579 2759 812 2804 Iuvenalis
851 2760 950 2803 VHI
983 2764 1064 2803 197
1109 2760 1322 2803 ‘mortem
1360 2758 1427 2802 sic
1466 2758 1712 2814 quisquam
1751 2757 1912 2801 exhor-

233 2816 349 2872 ruit,
395 2820 448 2861 ut
495 2818 556 2862 sit
598 2818 847 2875 Zelotypus
887 2818 1156 2875 Thymeles,
1206 2817 1382 2874 stupidi
1426 2817 1607 2874 collega
1646 2815 1910 2861 Corinthi?’

237 2874 449 2918 Ceterum
481 2877 536 2922 cf.
566 2877 751 2921 Horatii
774 2880 861 2922 sat.
887 2878 930 2920 II
954 2883 994 2933 7,
1020 2882 1075 2920 59
1102 2892 1168 2932 sq.
1201 2875 1432 2920 Martialis
1455 2877 1477 2919 I
1507 2882 1548 2931 4,
1574 2881 1599 2919 5
1632 2876 1674 2918 II
1699 2880 1766 2931 72,
1793 2880 1817 2918 3
1843 2889 1910 2929 sq.

234 2932 276 2976 V
301 2938 370 2990 61,
391 2939 443 2977 11
464 2950 530 2990 sq.
563 2938 610 2979 et
640 2937 762 2980 infra
793 2937 847 2981 fr.
872 2936 1076 2980 XXXIV.
