2060 3140
876 116 1103 163 NOVIVS
1718 119 1825 172 329

967 271 1015 318 V

151 397 161 407 .
238 353 365 406 huic
402 355 610 423 puellae
647 356 961 425 praecoquis
998 355 1166 409 libido
1206 357 1358 410 inest.

268 469 448 513 Nonius
483 475 580 526 150,
614 476 668 514 17
708 472 977 528 ‘praecox
1016 474 1063 516 et
1099 486 1344 530 praecoca,
1393 474 1519 530 quod
1558 476 1630 518 est
1665 474 1828 519 imma-

150 531 258 573 tura
291 565 300 573 .
329 566 337 573 .
366 566 374 573 .
406 529 609 575 Nouius:
640 529 768 575 huic’
796 544 834 575 e.
860 545 903 586 q.
930 546 964 576 S.

269 631 425 676 hercle
457 635 725 689 praemittas
872 633 984 678 huic
1023 636 1291 693 bisyllabum
1324 638 1506 681 metitwr
1540 637 1712 682 Onions

150 690 404 748 praecoqui
427 692 754 737 Laehmannus
781 694 843 738 ad
865 694 1015 738 Lucil.
1041 709 1080 739 v.
1100 699 1182 737 111
1303 694 1452 740 libido
1483 697 1580 740 edd.
1613 695 1761 740 liuido
1792 713 1827 740 ω

241 750 500 807 Septenarii
529 753 597 796 vel
627 753 851 797 octonarii
873 758 1053 808 partem
1084 767 1172 798 esse
1200 755 1299 799 vult
1327 769 1360 798 x

954 921 1026 968 VI

152 1003 254 1057 Est
289 1004 440 1073 pedis
477 1022 616 1056 unus
653 1003 842 1075 ingens
880 1005 936 1056 in
974 1006 1102 1057 nas6
1180 1047 1191 1057 .
1268 1048 1278 1058 .

272 1119 453 1164 Nonius
493 1124 599 1177 220,
633 1124 688 1164 25
739 1119 946 1177 ‘pedis,
995 1133 1133 1175 quem
1176 1134 1261 1164 nos
1306 1120 1574 1177 pediculum
1619 1122 1830 1180 dicimus,

153 1178 629 1296 {ezeristqgtgasculini
667 1181 750 1224 est.
820 1178 1022 1224 Nouius:
1070 1181 1141 1223 est
1184 1179 1336 1236 pedis’
1371 1194 1408 1224 e.
1441 1195 1484 1236 q.
1517 1196 1550 1225 S.
1612 1183 1830 1239 (neuius

198 1253 222 1281 r
255 1253 318 1283 111.

275 1327 410 1372 Recte
439 1328 668 1372 dimensus
698 1333 761 1372 est
793 1327 1111 1372 Fleckeisenus
1244 1327 1360 1371 situs
1390 1343 1566 1373 versum
1595 1330 1833 1374 concludat

1354 1580 1507 1633 ml‘h'a

159 1669 264 1722 Sex
301 1673 580 1721 nummum
618 1669 676 1721 in
715 1686 890 1720 arcam
930 1668 1116 1720 demisi
1154 1669 1520 1721 nummariam.

275 1769 456 1814 Nonius
488 1773 589 1825 495,
623 1773 679 1813 25
719 1768 1106 1813 ‘accusatiuus
1144 1768 1325 1812 numeri
1364 1769 1613 1826 singularis
1651 1770 1832 1827 positus

157 1844 242 1886 pro
281 1828 501 1883 genetiuo
538 1827 714 1885 plurali
754 1865 762 1873 .
791 1865 800 1872 .
829 1865 836 1872 .
876 1827 1078 1871 Accius
1117 1829 1400 1884 Eurysace
1441 1865 1449 1872 .
1477 1864 1487 1872 .
1514 1865 1523 1873 .
1562 1828 1687 1872 idem
1724 1829 1834 1886 Epi-

158 1888 460 1932 nausimache
495 1924 578 1933 ...
609 1887 828 1932 Nouius
863 1887 1169 1943 Eurysace:
1207 1886 1357 1930 milia’
1384 1901 1422 1932 e.
1447 1902 1490 1943 q.
1517 1903 1551 1932 s.
1585 1887 1832 1944 (Erisace

158 1948 221 1992 W
249 1946 498 2004 Eurysacis
521 1960 692 1991 nomen
717 1945 900 1991 librarii
924 1960 1074 1990 errore
1103 1945 1308 2002 positum
1332 1959 1433 1990 esse
1455 1946 1577 1990 vidit
1599 1946 1832 2004 Munkius,

160 2007 236 2051 cui
265 2007 440 2051 frustra
471 2006 745 2051 adversatur
774 2006 828 2050 A.
854 2004 1089 2049 Dieterich
1120 2004 1378 2049 Pulcinella
1406 2020 1451 2062 p.
1474 2007 1575 2063 105)

277 2101 303 2140 2
336 2094 501 2140 demisi
533 2096 822 2140 Passeratius
852 2093 1008 2137 dimisi
1039 2111 1073 2137 ω

920 2278 1043 2325 VIH
1050 2280 1073 2303 8

156 2349 358 2403 Fauces
393 2349 509 2403 foui
700 2333 702 2335 Ι
1816 2344 1926 2400 109l

278 2449 471 2495 vmm
501 2449 748 2494 Frontonis
781 2447 914 2504 epist.
938 2448 1002 2491 1V
1026 2452 1051 2490 6
1081 2462 1126 2503 p.
1153 2451 1208 2491 69
1239 2446 1359 2491 Nab.
1393 2446 1470 2503 (M.
1497 2445 1666 2490 Caesar
1694 2447 1836 2491 Fron-

161 2509 280 2567 toni)
322 2511 464 2566 ‘aqua
509 2509 662 2553 mulsa
705 2507 935 2552 sorbenda
976 2519 1121 2561 usque
1165 2505 1226 2550 ad
1271 2505 1431 2562 gulam
1477 2507 1524 2549 et
1568 2505 1839 2550 reiectanda

160 2569 357 2613 fauces
394 2567 517 2613 foui
553 2567 711 2625 potius
751 2580 892 2622 quam
923 2565 1124 2609 dicerem
1160 2563 1581 2622 gargarissaui:
1618 2578 1729 2608 nam
1766 2567 1839 2608 est

165 2629 291 2685 apud
321 2627 565 2672 Nouium
595 2626 732 2671 credo
765 2627 812 2669 et
843 2623 959 2668 alibi
992 2660 1001 2668 .
1029 2660 1037 2668 .
1066 2660 1074 2668 .
1102 2660 1110 2668 .
1145 2622 1312 2667 deinde
1342 2622 1446 2666 uuis
1477 2622 1706 2667 metendis
1730 2637 1838 2680 ope-

166 2701 264 2731 ram
295 2687 508 2732 dedimus
541 2689 588 2730 et
619 2683 977 2730 consudauimus
1009 2685 1056 2726 et
1090 2681 1391 2726 iubilauimus
1424 2684 1471 2725 et
1502 2681 1746 2737 aliquot,
1785 2684 1839 2725 ut

164 2746 233 2790 ait
265 2748 440 2800 auctor,
480 2744 818 2801 reliquimus
851 2741 1246 2798 altipendulos
1284 2740 1606 2784 uindemiae
1646 2754 1838 2798 super-

164 2805 371 2850 stites.’
420 2803 891 2849 Cf.VindemiatoreS.
945 2801 1051 2844 Non
1081 2799 1497 2857 gargarissare,
1532 2800 1615 2843 sed
1644 2799 1838 2844 fauces

163 2864 287 2908 foui
315 2864 543 2921 pluraque
569 2862 677 2918 alia,
703 2876 740 2906 e.
759 2875 796 2905 c.
823 2861 967 2915 aqua
991 2859 1272 2903 sorbenda
1301 2858 1496 2902 fauces
1518 2858 1640 2902 foui
1661 2871 1839 2914 usque

165 2923 236 2967 611
274 2923 466 2980 gulam
500 2936 525 2966 e
556 2921 707 2966 Novio
740 2921 925 2975 sumpta
955 2932 1055 2962 esse
1085 2920 1224 2974 putat
1253 2917 1574 2962 BuecheleruS.
