2060 3140
239 117 344 170 100
780 112 1008 158 SEXTVS
1039 110 1354 167 TVRPILIVS

1044 251 1098 298 H

236 382 247 392 .
281 382 290 391 .
330 339 705 391 testamentum
743 337 869 405 ergo
909 334 1141 387 celabis?
1181 338 1267 372 ——'
1289 334 1447 405 Logi!

353 437 532 482 Nonius
558 441 629 491 63,
654 440 727 480 19·
745 434 888 492 ‘logi
920 448 948 477 a
980 433 1156 479 Graeco
1189 447 1411 490 sermone,
1443 433 1519 478 uel
1552 433 1679 478 dicta
1708 432 1908 477 ridicula

237 499 286 542 et
316 495 653 541 contemnenda
685 530 695 538 .
723 530 730 538 .
758 530 767 538 .
800 492 1035 550 Turpilius
1068 492 1316 549 Caneforo:
1354 493 1704 537 testamentum’
1739 506 1778 537 e.
1803 506 1846 548 q.
1872 507 1907 536 S.

240 675 380 729 Satis
417 673 579 726 fructi
616 672 857 736 reddunt.
1035 603 1113 650 HI

355 773 534 818 Nonius
565 778 665 828 491,
699 777 724 816 6
759 772 959 816 ‘fructi
991 772 1067 816 uel
1098 771 1294 816 fructuis
1324 786 1408 828 pro
1440 771 1650 822 fructus.’

1041 882 1113 930 IV

293 1010 303 1020 .
344 1009 354 1020 .
394 967 536 1020 nosti
574 985 733 1036 quam
772 967 843 1018 sit
879 965 1067 1036 gracili
1107 967 1340 1035 cdrpore.

357 1067 537 1111 Nonius
571 1072 676 1124 116,
710 1073 735 1111 9
779 1067 792 1087 ⁰
803 1065 1085 1123 gracilitudo
1133 1068 1181 1110 et
1225 1064 1455 1123 gracilens
1502 1070 1586 1121 pro
1631 1065 1821 1123 gracilis
1866 1068 1914 1110 et

241 1126 551 1184 gracilentum
594 1140 679 1183 pro
724 1125 889 1191 gracili
935 1128 983 1169 et
1027 1124 1272 1182 gracilium
1315 1138 1399 1180 pro
1445 1123 1721 1181 gracilitas'
1793 1127 1914 1182 (pro

242 1185 451 1243 gracili
499 1188 555 1229 et
599 1183 904 1250 gracilium
951 1197 1038 1228 om.
1070 1183 1251 1227 Bambs
1267 1182 1570 1226 Scribendum
1615 1184 1629 1204 ‘
1632 1183 1914 1240 gracilitudo

243 1259 326 1302 pro
358 1243 621 1301 gracilitas,
661 1242 891 1300 gracilens
923 1245 971 1287 et
1001 1242 1311 1300 gracilentum
1341 1243 1389 1285 et
1419 1199 1688 1298 gracilumgr
1687 1257 1771 1299 pro
1811 1257 1915 1300 gra·

244 1302 668 1418 ἷξΐεῖἒίηὲἳῗῷἲο·
697 1301 1055 1417 1,,Ξὶἳίζωῖᾖο
1064 1337 1185 1404 viat
1204 1300 1462 1416 Ὲῗᾶῗέηὲ)
1481 1300 1918 1404 Ρῗὲῗθξῖἓὲἓὲἕῑέ

245 1458 254 1465 .
299 1420 796 1524 .tgracilenticolorem
837 1457 845 1464 .
888 1419 1166 1476 ‚gracilens
1213 1419 1277 1463 fit.
1386 1418 1622 1475 Turpilius
1671 1418 1916 1465 Caneforo·

246 1494 330 1525 nos
354 1481 387 1523 1’
422 1494 459 1524 e.
493 1494 535 1536 q.
570 1495 604 1524 s.

347 1551 526 1610 'gracili
565 1553 616 1598 E
628 1553 685 1597 H
691 1552 709 1578 ²
725 1553 847 1597 PW
877 1551 1052 1609 gracile
1085 1552 1139 1596 Η
1143 1552 1157 1577 ¹
1189 1550 1357 1595 6136116
1381 1551 1489 1595 FL
1527 1551 1697 1596 cracilo
1735 1552 1920 1611 Quiche-

243 1618 397 1668 ratus,
425 1614 530 1668 fort.
562 1618 676 1657 recte
795 1625 959 1668 corpus
991 1611 1068 1655 L?

891 1699 1275 1769 DEMETRIVS

363 1817 435 1861 Fr.
460 1817 503 1861 V
528 1816 734 1874 Scaliger
765 1816 891 1861 Coni.
915 1817 966 1860 111
989 1817 1119 1862 Vari.
1148 1822 1297 1873 p.159
1327 1815 1510 1860 monuit
1541 1816 1786 1861 convenire
1816 1832 1919 1861 cum
1987 1818 1994 1826 '

247 1875 455 1920 Alexidis
503 1889 560 1919 ex
598 1874 844 1949 Δημητρίῳ
891 1874 919 1932 ἢ
969 1832 1218 1951 Φιλεταίρῳ
1263 1876 1318 1920 fr.
1350 1880 1407 1919 46
1439 1875 1520 1921 K.:
1566 1874 1792 1950 πρότερον
1839 1875 1922 1934 μὲν

251 1935 292 1979 εἰ
335 1935 550 1980 πνεύσειε
598 1937 767 1994 βορρᾶς
805 1952 833 1991 η
872 1933 1005 1987 νότος
1038 1934 1120 1980 Ἐν
1160 1939 1216 2008 τῆ
1254 1933 1467 1993 θαλάσσῃ
1514 1933 1740 1992 λαμπρός,
1786 1935 1926 1993 ἰχθῦς

250 1995 335 2038 οὐκ
367 1992 428 2037 ἂν
458 1989 516 2050 ἦν
553 1994 726 2038 Οὐδενὶ
769 2001 951 2052 φαγεῖν.
1014 1995 1120 2039 νυνὶ
1158 1981 1210 2038 δε
1241 1994 1355 2050 πρὸς
1385 2001 1481 2044 τοῖς
1510 1994 1771 2052 πνεύμασιν
1806 1995 1924 2039 Τού-

251 2070 349 2104 τοις
382 2051 587 2104 Φάυλλος
615 2052 896 2110 προσγέγονε
926 2055 1096 2111 χειμὼν
1126 2051 1276 2109 τρίτος
1306 2070 1347 2097 κ.
1371 2069 1408 2096 τ.
1435 2055 1472 2096 λ.
1526 2053 1773 2097 Ρ1·361,6163
1803 2053 1858 2097 fr.
1884 2054 1925 2097 X

253 2111 482 2155 similibus
514 2112 717 2169 praefari
748 2111 933 2156 videtur
956 2112 1206 2169 Turpilius,
1238 2111 1398 2168 qualia
1429 2111 1554 2167 apud
1577 2111 1820 2156 Alexidem
1848 2127 1924 2157 ex-

250 2172 356 2245 tant
391 2170 445 2215 fr.
477 2176 556 2217 45:
596 2169 864 2228 ὁμοιότατος
895 2171 1148 2227 ἄνθρωπος
1179 2171 1289 2231 οἴνῳ
1319 2171 1404 2227 τὴν
1435 2169 1577 2226 φύσιν
1612 2169 1798 2226 Τρόπον
1828 2169 1920 2216 τίν’

253 2226 348 2274 εστί
370 2247 409 2274 κ.
428 2246 464 2274 τ.
484 2233 537 2286 L,
568 2229 737 2285 quibus
761 2230 1094 2275 contradicitur
1117 2230 1173 2274 fr
1190 2217 1279 2275 inc.
1297 2229 1382 2273 XV
1398 2231 1539 2285 (278):
1572 2227 1711 2274 οὐδέν
1740 2228 1783 2286 γ’
1807 2229 1922 2275 ἔοικ’

254 2288 508 2343 ανθρωπος
547 2288 657 2349 οἴνῳ
693 2289 779 2345 τὴν
814 2289 957 2346 φύσιν
987 2306 1028 2333 κ.
1059 2306 1096 2333 τ.
1130 2293 1166 2334 λ,
1230 2288 1443 2333 Ceterum
1475 2288 1532 2332 de
1566 2291 1838 2346 argumento
1871 2303 1927 2333 ex

256 2346 430 2391 Graeco
461 2350 604 2404 poeta
629 2335 751 2391 nihil
783 2362 915 2404 sane,
953 2348 1016 2392 311
1018 2347 1301 2404 quantillum
1332 2347 1500 2390 saltem
1531 2361 1587 2391 ex
1618 2350 1776 2392 nostro
1809 2347 1926 2392 disci

254 2407 422 2462 potest.
485 2406 617 2451 Certe
657 2408 843 2474 constat
873 2407 930 2451 de
963 2406 1258 2451 adulescente
1297 2405 1497 2462 inperito
1530 2409 1579 2451 et
1607 2406 1748 2464 paulo
1782 2407 1927 2463 stupi-

256 2463 384 2508 diore
417 2465 485 2521 (11.
518 2465 619 2522 IX),
652 2465 734 2521 qui
764 2480 868 2509 cum
895 2465 1053 2532 nescio
1085 2465 1254 2521 quibus
1285 2464 1436 2509 turbis
1467 2464 1645 2509 invitus
1678 2466 1737 2509 ab
1771 2468 1927 2510 amata

257 2522 549 2568 abalienatus
582 2526 706 2568 esset
734 2525 853 2582 (IV),
891 2524 942 2568 in
979 2524 1181 2582 gratiam
1212 2539 1317 2568 cum
1347 2537 1403 2567 63
1434 2524 1568 2569 redit.
1630 2524 1728 2568 Nec
1760 2525 1928 2569 desunt

258 2584 341 2624 3111,
371 2582 428 2626 de
458 2585 590 2639 patre
623 2584 816 2640 decepto
849 2584 987 2641 (XVI)
1019 2585 1102 2628 aut
1132 2584 1189 2628 de
1217 2583 1457 2627 meretrice
1461 2584 1621 2649 (XIV)
1643 2583 1927 2629 testimonia.

257 2640 328 2683 Ab
369 2654 424 2684 ea
463 2643 618 2685 autem
656 2642 840 2687 diversa
877 2642 1075 2687 fortasse
1113 2642 1226 2700 fingi
1263 2644 1420 2699 potest
1457 2641 1560 2699 ipsa
1591 2642 1723 2699 virgo
1756 2645 1927 2699 amata,

258 2699 320 2742 ad
351 2714 490 2755 quam
518 2700 750 2757 pertinere
778 2701 1042 2758 putaverim
1071 2702 1135 2745 XI
1168 2704 1216 2746 et
1245 2701 1364 2745 xm.

1077 2812 1103 2859 Ι
1370 2851 1381 2861 .

258 2889 344 2943 Ab
383 2891 538 2945 initio
576 2897 638 2946 ut
675 2913 758 2947 res
796 2894 868 2947 sit
905 2898 1055 2966 gesta
1094 2895 1262 2948 enoda
1298 2894 1445 2948 mihi.
