2060 3140
271 127 380 179 286
675 126 725 170 L.
757 124 1106 170 POMPONIVS
1138 124 1541 170 BONONOENSIS

976 264 1248 312 MARSYA

382 362 654 415 Arnobius
686 363 801 416 adv.
833 363 1076 415 nationes
1106 361 1160 414 H
1193 362 1225 413 6
1267 361 1424 414 ‘unde
1456 380 1649 431 quaeso
1682 366 1763 415 est
1795 362 1956 416 uobis

271 454 481 504 tan'num
519 451 808 519 sapientiae
847 450 1106 502 izradissum
1138 480 1207 487 -——
1241 450 1352 502 —‘?
1413 450 1540 518 quia
1576 469 1672 520 per
1708 469 1859 504 casus
1897 455 1957 504 et

270 543 510 608 tempora
549 539 811 591 declinare
849 538 1014 591 uerba
1053 538 1202 591 scitis
1250 541 1303 590 ei:
1347 538 1566 590 nomina
1603 569 1674 577 —
1714 570 1784 578 —-
1824 540 1953 609 quia

268 645 610 679 numerosum
641 630 695 680 et
732 630 996 680 structum
1027 627 1487 695 compositumque
1524 644 1822 681 sermonem
1857 631 1952 680 aut

268 715 370 783 ipsi
409 733 508 767 uos
545 715 716 768 nostis
753 715 950 779 ecferre
982 718 1075 767 aut
1113 716 1417 784 incomptus
1448 732 1568 767 cum
1600 715 1763 768 fueris:
1799 716 1953 786 scire,

268 802 393 871 quia
423 803 680 856 fornicem
712 802 1049 855 Lucilianum
1081 806 1135 856 et
1164 803 1480 871 Marsyam
1513 801 1820 872 Pomponi
1856 804 1947 856 ob-

265 891 533 961 signatum
572 892 829 944 memoria
867 891 1151 944 continetis
1183 923 1253 929 -—
1287 892 1421 943 —?'
1470 889 1792 962 (sequuntur
1829 892 1946 944 rhe-

265 982 443 1032 torum
483 983 537 1032 et
574 980 971 1032 dialecticorum
1010 980 1185 1032 studia
1223 978 1441 1051 inania).

385 1080 450 1124 Cf.
482 1080 701 1124 Munkius
731 1096 776 1137 p.
803 1085 872 1125 87.

953 1203 1249 1252 MEDIOVS

263 1302 472 1355 Dolasti
510 1320 746 1355 uxorem.
783 1333 857 1339 ——
893 1301 1052 1356 Nunc
1091 1320 1152 1354 ea
1189 1305 1411 1371 propter
1447 1303 1533 1355 me
1573 1303 1723 1372 cupis

267 1390 587 1444 Concidere?
624 1422 699 1428 --
735 1390 918 1443 Etiam
956 1390 1312 1444 rhetorissas?

378 1491 557 1535 Nonius
584 1495 681 1548 166,
702 1496 724 1534 1
762 1491 1148 1535 ‘rhetorissah
1203 1491 1486 1548 Pomponius
1509 1491 1715 1537 Medico:
1749 1491 1941 1536 dolasti’

263 1565 300 1595 e.
327 1566 369 1606 q.
399 1566 432 1594 s.

381 1644 402 1682 1
431 1638 604 1682 dolasti
628 1638 679 1682 E
686 1638 834 1683 F³H1
865 1638 1039 1683 dalasti
1063 1656 1098 1696 φ
1132 1639 1332 1684 chalasti
1355 1641 1468 1685 conl.
1486 1641 1621 1684 inser.
1643 1640 1799 1696 Pomp.
1825 1644 1938 1682 2021

261 1699 374 1742 coni.
393 1698 495 1742 Bue
575 1698 813 1743 Distribm‘
836 1712 1070 1755 personas,
1100 1705 1154 1743 ut
1181 1700 1449 1755 respondeat
1477 1700 1646 1743 noxius
1735 1706 1759 1742 2
1795 1698 1939 1742 etiam

260 1757 468 1812 Bothius,
506 1759 585 1814 qui
615 1758 749 1802 alteri
771 1771 992 1815 personae
1021 1759 1130 1802 haec
1160 1759 1323 1803 tribuit

978 1896 1221 1944 MVNDA

1082 1995 1109 2048 I

257 2082 377 2153 Ego
415 2083 565 2136 fflam
603 2102 710 2136 non
749 2084 1076 2152 amplectar?
1138 2102 1236 2155 ego
1275 2102 1384 2137 non
1421 2083 1660 2136 saniem?

374 2183 554 2227 Nonius
585 2189 685 2241 474,
713 2190 767 2228 12
803 2184 1033 2229 ‘sanies
1089 2184 1370 2242 Pomponius
1403 2185 1600 2230 Munda:
1634 2185 1739 2241 ego’
1767 2198 1804 2229 e.
1830 2199 1872 2240 q.
1900 2199 1935 2228 s„

375 2272 658 2328 amplectare
689 2274 767 2318 Ba
873 2273 1050 2317 sabiem
1081 2273 1308 2331 (sabiaem
1329 2274 1424 2330 Ba)
1456 2291 1490 2317 ω
1524 2273 1734 2317 suauiem
1764 2275 1939 2318 Junius

1071 2399 1123 2446 II

171 2494 227 2532 85
261 2479 324 2532 Si
358 2480 588 2534 calendis
625 2482 842 2551 (domi)
881 2483 1191 2552 conuiuant,
1230 2482 1407 2534 idibus
1447 2483 1636 2535 cenans
1673 2482 1818 2534 foris

373 2581 552 2625 Nonius
583 2587 683 2638 474,
709 2588 765 2626 20
801 2583 1132 2627 ‘conuiuant
1161 2597 1244 2640 pro
1277 2583 1619 2627 conuiuantur.’

374 2670 500 2713 domi
527 2671 810 2727 Duebnerus,
842 2685 925 2715 om.
944 2689 978 2715 ω
1078 2671 1333 2715 conuiuant
1362 2673 1428 2716 ed.
1447 2687 1521 2728 pr.
1555 2671 1865 2715 conuiuantur
1895 2689 1930 2715 ω

944 2811 1238 2859 NVPTIAE

254 2904 501 2960 Farinam
542 2909 738 2977 insipui
779 2909 1017 2962 concussi
1057 2910 1357 2979 condepsui.
