<?xml version="1.0" encoding="UTF-8"?>
<!DOCTYPE html PUBLIC "-//W3C//DTD XHTML 1.0 Transitional//EN"
    "http://www.w3.org/TR/xhtml1/DTD/xhtml1-transitional.dtd">
<html xmlns="http://www.w3.org/1999/xhtml" xml:lang="en" lang="en">
 <head>
  <title>
</title>
<meta http-equiv="Content-Type" content="text/html;charset=utf-8" />
  <meta name='ocr-system' content='tesseract 3.04.00' />
  <meta name='ocr-capabilities' content='ocr_page ocr_carea ocr_par ocr_line ocrx_word'/>
</head>
<body>
  <div class='ocr_page' id='page_1' title='image "./scaenicaeromanor02ribbuoft_0373.png"; bbox 0 0 2060 3140; ppageno 0'>
   <div class='ocr_carea' id='block_1_1' title="bbox 685 103 1816 157">
    <p class='ocr_par' dir='ltr' id='par_1_1' title="bbox 685 103 1816 157">
     <span class='ocr_line' id='line_1_1' title="bbox 685 103 1816 157; baseline 0.01 -10"><span class='ocrx_word' id='word_1_1' title='bbox 685 103 950 150; x_wconf 87' lang='lat' dir='ltr'>DECIMVS</span> <span class='ocrx_word' id='word_1_2' title='bbox 982 104 1278 149; x_wconf 85' lang='lat' dir='ltr'>LABERIVS</span> <span class='ocrx_word' id='word_1_3' title='bbox 1710 105 1816 157; x_wconf 83' lang='lat'>361</span> 
     </span>
    </p>
   </div>
   <div class='ocr_carea' id='block_1_2' title="bbox 145 236 1818 353">
    <p class='ocr_par' dir='ltr' id='par_1_2' title="bbox 145 236 1818 353">
     <span class='ocr_line' id='line_1_2' title="bbox 145 236 1818 293; baseline 0.002 -14"><span class='ocrx_word' id='word_1_4' title='bbox 145 249 268 280; x_wconf 89' lang='lat' dir='ltr'>nunc</span> <span class='ocrx_word' id='word_1_5' title='bbox 307 253 341 280; x_wconf 89' lang='grc' dir='ltr'>ω</span> <span class='ocrx_word' id='word_1_6' title='bbox 464 236 544 280; x_wconf 76' lang='lat' dir='ltr'>An</span> <span class='ocrx_word' id='word_1_7' title='bbox 582 236 729 293; x_wconf 77' lang='lat' dir='ltr'>quor?</span> <span class='ocrx_word' id='word_1_8' title='bbox 873 241 929 281; x_wconf 81' lang='lat'>24</span> <span class='ocrx_word' id='word_1_9' title='bbox 967 236 1194 281; x_wconf 87' lang='lat' dir='ltr'>iocundae</span> <span class='ocrx_word' id='word_1_10' title='bbox 1233 255 1267 281; x_wconf 86' lang='grc' dir='ltr'>ω</span> <span class='ocrx_word' id='word_1_11' title='bbox 1411 242 1467 281; x_wconf 85' lang='lat'>25</span> <span class='ocrx_word' id='word_1_12' title='bbox 1504 237 1671 282; x_wconf 81' lang='lat' dir='ltr'>1²edera</span> <span class='ocrx_word' id='word_1_13' title='bbox 1709 238 1818 283; x_wconf 73' lang='lat' dir='ltr'>Pasr.</span> 
     </span>
     <span class='ocr_line' id='line_1_3' title="bbox 234 295 1439 353; baseline 0.002 -15"><span class='ocrx_word' id='word_1_14' title='bbox 234 300 289 339; x_wconf 80' lang='lat'>26</span> <span class='ocrx_word' id='word_1_15' title='bbox 323 298 487 339; x_wconf 91' lang='lat' dir='ltr'>enecat</span> <span class='ocrx_word' id='word_1_16' title='bbox 516 297 627 341; x_wconf 86' lang='lat' dir='ltr'>Par.</span> <span class='ocrx_word' id='word_1_17' title='bbox 658 298 798 340; x_wconf 89' lang='lat' dir='ltr'>necat</span> <span class='ocrx_word' id='word_1_18' title='bbox 829 313 864 353; x_wconf 86' lang='grc' dir='ltr'>φ</span> <span class='ocrx_word' id='word_1_19' title='bbox 985 301 1039 340; x_wconf 84' lang='grc'>27</span> <span class='ocrx_word' id='word_1_20' title='bbox 1074 295 1329 353; x_wconf 89' lang='lat' dir='ltr'>sepulchris</span> <span class='ocrx_word' id='word_1_21' title='bbox 1361 297 1439 341; x_wconf 89' lang='lat' dir='ltr'>Ba</span> 
     </span>
    </p>
   </div>
   <div class='ocr_carea' id='block_1_3' title="bbox 141 436 1907 589">
    <p class='ocr_par' dir='ltr' id='par_1_3' title="bbox 141 436 1907 589">
     <span class='ocr_line' id='line_1_4' title="bbox 956 436 1008 484; baseline 0 0"><span class='ocrx_word' id='word_1_22' title='bbox 956 436 1008 484; x_wconf 90' lang='lat' dir='ltr'>H</span> 
     </span>
     <span class='ocr_line' id='line_1_5' title="bbox 141 518 1907 589; baseline 0.002 -19"><span class='ocrx_word' id='word_1_23' title='bbox 141 518 333 589; x_wconf 76' lang='lat' dir='ltr'>Porro,</span> <span class='ocrx_word' id='word_1_24' title='bbox 373 518 627 582; x_wconf 78' lang='lat' dir='ltr'><strong>Quirites!</strong></span> <span class='ocrx_word' id='word_1_25' title='bbox 681 519 987 572; x_wconf 82' lang='lat' dir='ltr'>h&#39;bertatem</span> <span class='ocrx_word' id='word_1_26' title='bbox 1024 520 1336 589; x_wconf 55' lang='lat' dir='ltr'>perdimus:</span> <span class='ocrx_word' id='word_1_27' title='bbox 1823 534 1907 574; x_wconf 80' lang='lat'>125</span> 
     </span>
    </p>
   </div>
   <div class='ocr_carea' id='block_1_4' title="bbox 141 672 1591 825">
    <p class='ocr_par' dir='ltr' id='par_1_4' title="bbox 141 672 1591 825">
     <span class='ocr_line' id='line_1_6' title="bbox 947 672 1024 720; baseline 0.013 -1"><span class='ocrx_word' id='word_1_28' title='bbox 947 672 1024 720; x_wconf 94' lang='grc' dir='ltr'>ΠΙ</span> 
     </span>
     <span class='ocr_line' id='line_1_7' title="bbox 141 731 1591 825; baseline 0.001 -18"><span class='ocrx_word' id='word_1_29' title='bbox 141 753 369 808; x_wconf 78' lang='lat' dir='ltr'>Necesse</span> <span class='ocrx_word' id='word_1_30' title='bbox 410 759 489 808; x_wconf 90' lang='lat' dir='ltr'>est</span> <span class='ocrx_word' id='word_1_31' title='bbox 526 756 726 809; x_wconf 89' lang='lat' dir='ltr'>multos</span> <span class='ocrx_word' id='word_1_32' title='bbox 765 755 955 809; x_wconf 72' lang='lat' dir='ltr'>timeat</span> <span class='ocrx_word' id='word_1_33' title='bbox 994 775 1151 825; x_wconf 91' lang='lat' dir='ltr'>quem</span> <span class='ocrx_word' id='word_1_34' title='bbox 1188 731 1352 809; x_wconf 77' lang='lat' dir='ltr'>multi</span> <span class='ocrx_word' id='word_1_35' title='bbox 1386 756 1591 809; x_wconf 90' lang='lat' dir='ltr'>timent.</span> 
     </span>
    </p>
   </div>
   <div class='ocr_carea' id='block_1_5' title="bbox 139 855 1821 1446">
    <p class='ocr_par' dir='ltr' id='par_1_5' title="bbox 139 855 1821 1446">
     <span class='ocr_line' id='line_1_8' title="bbox 263 855 1820 913; baseline 0 -13"><span class='ocrx_word' id='word_1_36' title='bbox 263 855 439 900; x_wconf 86' lang='lat' dir='ltr'>Seneca</span> <span class='ocrx_word' id='word_1_37' title='bbox 471 856 528 899; x_wconf 90' lang='lat' dir='ltr'>de</span> <span class='ocrx_word' id='word_1_38' title='bbox 558 855 629 900; x_wconf 85' lang='lat' dir='ltr'>ira</span> <span class='ocrx_word' id='word_1_39' title='bbox 660 857 704 900; x_wconf 93' lang='grc' dir='ltr'>Π</span> <span class='ocrx_word' id='word_1_40' title='bbox 737 862 805 913; x_wconf 90' lang='grc'>11,</span> <span class='ocrx_word' id='word_1_41' title='bbox 838 862 864 900; x_wconf 88' lang='grc'><strong><em>3</em></strong></span> <span class='ocrx_word' id='word_1_42' title='bbox 899 858 1130 900; x_wconf 79' lang='lat' dir='ltr'>‘occurrat</span> <span class='ocrx_word' id='word_1_43' title='bbox 1159 857 1248 901; x_wconf 90' lang='lat' dir='ltr'>hoc</span> <span class='ocrx_word' id='word_1_44' title='bbox 1279 856 1382 901; x_wconf 91' lang='grc'>1000</span> <span class='ocrx_word' id='word_1_45' title='bbox 1413 856 1503 900; x_wconf 91' lang='lat' dir='ltr'>tibi</span> <span class='ocrx_word' id='word_1_46' title='bbox 1533 855 1820 901; x_wconf 84' lang='lat' dir='ltr'>Laberianus</span> 
     </span>
     <span class='ocr_line' id='line_1_9' title="bbox 141 914 1820 971; baseline 0.001 -14"><span class='ocrx_word' id='word_1_47' title='bbox 141 915 223 959; x_wconf 91' lang='lat' dir='ltr'>ille</span> <span class='ocrx_word' id='word_1_48' title='bbox 262 929 445 971; x_wconf 91' lang='lat' dir='ltr'>uersus,</span> <span class='ocrx_word' id='word_1_49' title='bbox 492 914 574 970; x_wconf 92' lang='lat' dir='ltr'>qui</span> <span class='ocrx_word' id='word_1_50' title='bbox 610 915 794 959; x_wconf 91' lang='lat' dir='ltr'>medio</span> <span class='ocrx_word' id='word_1_51' title='bbox 838 915 1006 959; x_wconf 90' lang='lat' dir='ltr'>ciuili</span> <span class='ocrx_word' id='word_1_52' title='bbox 1050 915 1207 960; x_wconf 93' lang='lat' dir='ltr'>bello</span> <span class='ocrx_word' id='word_1_53' title='bbox 1253 915 1311 959; x_wconf 92' lang='lat' dir='ltr'>in</span> <span class='ocrx_word' id='word_1_54' title='bbox 1356 917 1584 959; x_wconf 86' lang='lat' dir='ltr'>theatro</span> <span class='ocrx_word' id='word_1_55' title='bbox 1632 915 1820 959; x_wconf 88' lang='lat' dir='ltr'>dictus</span> 
     </span>
     <span class='ocr_line' id='line_1_10' title="bbox 141 973 1821 1031; baseline 0 -14"><span class='ocrx_word' id='word_1_56' title='bbox 141 976 295 1018; x_wconf 92' lang='lat' dir='ltr'>totum</span> <span class='ocrx_word' id='word_1_57' title='bbox 339 973 390 1016; x_wconf 92' lang='lat' dir='ltr'>in</span> <span class='ocrx_word' id='word_1_58' title='bbox 436 986 485 1016; x_wconf 92' lang='lat' dir='ltr'>se</span> <span class='ocrx_word' id='word_1_59' title='bbox 529 973 755 1030; x_wconf 92' lang='lat' dir='ltr'>populum</span> <span class='ocrx_word' id='word_1_60' title='bbox 799 989 894 1018; x_wconf 90' lang='lat' dir='ltr'>non</span> <span class='ocrx_word' id='word_1_61' title='bbox 937 974 1075 1019; x_wconf 90' lang='lat' dir='ltr'>aliter</span> <span class='ocrx_word' id='word_1_62' title='bbox 1117 974 1367 1031; x_wconf 86' lang='lat' dir='ltr'>conuertit,</span> <span class='ocrx_word' id='word_1_63' title='bbox 1414 989 1555 1030; x_wconf 88' lang='lat' dir='ltr'>quam</span> <span class='ocrx_word' id='word_1_64' title='bbox 1596 974 1637 1018; x_wconf 89' lang='lat' dir='ltr'>si</span> <span class='ocrx_word' id='word_1_65' title='bbox 1677 974 1821 1018; x_wconf 86' lang='lat' dir='ltr'>missa</span> 
     </span>
     <span class='ocr_line' id='line_1_11' title="bbox 142 1031 1820 1090; baseline 0 -14"><span class='ocrx_word' id='word_1_66' title='bbox 142 1034 266 1076; x_wconf 91' lang='lat' dir='ltr'>esset</span> <span class='ocrx_word' id='word_1_67' title='bbox 295 1046 388 1076; x_wconf 86' lang='lat' dir='ltr'>uox</span> <span class='ocrx_word' id='word_1_68' title='bbox 417 1031 596 1089; x_wconf 84' lang='lat' dir='ltr'>publici</span> <span class='ocrx_word' id='word_1_69' title='bbox 627 1032 861 1078; x_wconf 89' lang='lat' dir='ltr'>adfectus:</span> <span class='ocrx_word' id='word_1_70' title='bbox 891 1034 1144 1077; x_wconf 91' lang='lat' dir='ltr'>necesse’</span> <span class='ocrx_word' id='word_1_71' title='bbox 1172 1047 1208 1078; x_wconf 92' lang='grc'>8.</span> <span class='ocrx_word' id='word_1_72' title='bbox 1228 1049 1270 1090; x_wconf 91' lang='lat' dir='ltr'>q.</span> <span class='ocrx_word' id='word_1_73' title='bbox 1290 1049 1324 1079; x_wconf 90' lang='grc'>8.</span> <span class='ocrx_word' id='word_1_74' title='bbox 1380 1033 1446 1078; x_wconf 85' lang='lat' dir='ltr'>Cf.</span> <span class='ocrx_word' id='word_1_75' title='bbox 1473 1033 1577 1090; x_wconf 82' lang='lat' dir='ltr'>Syri</span> <span class='ocrx_word' id='word_1_76' title='bbox 1600 1035 1715 1078; x_wconf 91' lang='lat' dir='ltr'>sent.</span> <span class='ocrx_word' id='word_1_77' title='bbox 1734 1038 1820 1076; x_wconf 88' lang='lat'>338</span> 
     </span>
     <span class='ocr_line' id='line_1_12' title="bbox 141 1091 1818 1148; baseline 0.001 -14"><span class='ocrx_word' id='word_1_78' title='bbox 141 1093 189 1135; x_wconf 92' lang='lat' dir='ltr'>et</span> <span class='ocrx_word' id='word_1_79' title='bbox 225 1091 330 1135; x_wconf 89' lang='lat' dir='ltr'>fals.</span> <span class='ocrx_word' id='word_1_80' title='bbox 364 1096 449 1135; x_wconf 85' lang='lat'>217</span> <span class='ocrx_word' id='word_1_81' title='bbox 487 1106 532 1148; x_wconf 89' lang='lat' dir='ltr'>p.</span> <span class='ocrx_word' id='word_1_82' title='bbox 560 1096 645 1135; x_wconf 82' lang='lat'>127</span> <span class='ocrx_word' id='word_1_83' title='bbox 676 1092 750 1136; x_wconf 91' lang='lat' dir='ltr'>W.</span> <span class='ocrx_word' id='word_1_84' title='bbox 798 1092 1149 1137; x_wconf 89' lang='lat' dir='ltr'>Pseudoseneca</span> <span class='ocrx_word' id='word_1_85' title='bbox 1189 1093 1246 1136; x_wconf 88' lang='lat' dir='ltr'>de</span> <span class='ocrx_word' id='word_1_86' title='bbox 1283 1092 1488 1136; x_wconf 92' lang='lat' dir='ltr'>moribus</span> <span class='ocrx_word' id='word_1_87' title='bbox 1529 1097 1583 1136; x_wconf 89' lang='grc'>61</span> <span class='ocrx_word' id='word_1_88' title='bbox 1632 1094 1680 1136; x_wconf 91' lang='grc'>81</span> <span class='ocrx_word' id='word_1_89' title='bbox 1719 1092 1818 1136; x_wconf 88' lang='lat' dir='ltr'>cod.</span> 
     </span>
     <span class='ocr_line' id='line_1_13' title="bbox 142 1150 1821 1208; baseline 0.001 -15"><span class='ocrx_word' id='word_1_90' title='bbox 142 1150 351 1194; x_wconf 85' lang='lat' dir='ltr'>Cusanus</span> <span class='ocrx_word' id='word_1_91' title='bbox 382 1165 425 1207; x_wconf 88' lang='lat' dir='ltr'>p.</span> <span class='ocrx_word' id='word_1_92' title='bbox 454 1155 538 1194; x_wconf 89' lang='lat'>113</span> <span class='ocrx_word' id='word_1_93' title='bbox 578 1150 676 1206; x_wconf 81' lang='lat' dir='ltr'>‘qui</span> <span class='ocrx_word' id='word_1_94' title='bbox 716 1165 744 1195; x_wconf 89' lang='lat' dir='ltr'>a</span> <span class='ocrx_word' id='word_1_95' title='bbox 781 1151 943 1195; x_wconf 91' lang='lat' dir='ltr'>multis</span> <span class='ocrx_word' id='word_1_96' title='bbox 980 1151 1193 1208; x_wconf 92' lang='lat' dir='ltr'>timetur,</span> <span class='ocrx_word' id='word_1_97' title='bbox 1231 1151 1403 1196; x_wconf 92' lang='lat' dir='ltr'>multos</span> <span class='ocrx_word' id='word_1_98' title='bbox 1442 1151 1610 1196; x_wconf 89' lang='lat' dir='ltr'>timet.’</span> <span class='ocrx_word' id='word_1_99' title='bbox 1673 1151 1821 1195; x_wconf 91' lang='lat' dir='ltr'>Auso—</span> 
     </span>
     <span class='ocr_line' id='line_1_14' title="bbox 139 1209 1818 1267; baseline 0.001 -15"><span class='ocrx_word' id='word_1_100' title='bbox 139 1210 245 1253; x_wconf 88' lang='lat' dir='ltr'>nius</span> <span class='ocrx_word' id='word_1_101' title='bbox 278 1211 456 1266; x_wconf 90' lang='lat' dir='ltr'>septem</span> <span class='ocrx_word' id='word_1_102' title='bbox 488 1223 584 1266; x_wconf 86' lang='lat' dir='ltr'>sap.</span> <span class='ocrx_word' id='word_1_103' title='bbox 615 1212 730 1254; x_wconf 90' lang='lat' dir='ltr'>sent.</span> <span class='ocrx_word' id='word_1_104' title='bbox 760 1215 802 1266; x_wconf 88' lang='lat'>4,</span> <span class='ocrx_word' id='word_1_105' title='bbox 832 1215 857 1254; x_wconf 90' lang='lat'>5</span> <span class='ocrx_word' id='word_1_106' title='bbox 888 1226 932 1267; x_wconf 92' lang='lat' dir='ltr'>p.</span> <span class='ocrx_word' id='word_1_107' title='bbox 954 1215 1038 1255; x_wconf 88' lang='lat'>150</span> <span class='ocrx_word' id='word_1_108' title='bbox 1061 1211 1134 1256; x_wconf 92' lang='lat' dir='ltr'>W.</span> <span class='ocrx_word' id='word_1_109' title='bbox 1170 1210 1348 1254; x_wconf 77' lang='lat' dir='ltr'>‘multis</span> <span class='ocrx_word' id='word_1_110' title='bbox 1379 1209 1602 1255; x_wconf 83' lang='lat' dir='ltr'>terribilis</span> <span class='ocrx_word' id='word_1_111' title='bbox 1633 1209 1818 1254; x_wconf 91' lang='lat' dir='ltr'>timeto’</span> 
     </span>
     <span class='ocr_line' id='line_1_15' title="bbox 139 1268 1821 1326; baseline 0 -14"><span class='ocrx_word' id='word_1_112' title='bbox 139 1269 219 1325; x_wconf 87' lang='lat' dir='ltr'>(al.</span> <span class='ocrx_word' id='word_1_113' title='bbox 247 1269 469 1325; x_wconf 84' lang='lat' dir='ltr'>‘caueto’)</span> <span class='ocrx_word' id='word_1_114' title='bbox 504 1268 727 1314; x_wconf 70' lang='lat' dir='ltr'>‘multos’</span> <span class='ocrx_word' id='word_1_115' title='bbox 791 1269 932 1313; x_wconf 89' lang='lat' dir='ltr'>Solon</span> <span class='ocrx_word' id='word_1_116' title='bbox 972 1271 1096 1326; x_wconf 88' lang='lat' dir='ltr'>apud</span> <span class='ocrx_word' id='word_1_117' title='bbox 1134 1270 1306 1314; x_wconf 87' lang='lat' dir='ltr'>Anton.</span> <span class='ocrx_word' id='word_1_118' title='bbox 1339 1269 1511 1314; x_wconf 91' lang='lat' dir='ltr'>Meliss.</span> <span class='ocrx_word' id='word_1_119' title='bbox 1546 1283 1677 1313; x_wconf 90' lang='lat' dir='ltr'>serm.</span> <span class='ocrx_word' id='word_1_120' title='bbox 1713 1269 1821 1325; x_wconf 82' lang='grc' dir='ltr'><em>περὶ</em></span> 
     </span>
     <span class='ocr_line' id='line_1_16' title="bbox 141 1327 1820 1387; baseline 0.001 -16"><span class='ocrx_word' id='word_1_121' title='bbox 141 1327 362 1386; x_wconf 80' lang='grc' dir='ltr'><strong><em>βασιλέως</em></strong></span> <span class='ocrx_word' id='word_1_122' title='bbox 393 1327 556 1383; x_wconf 83' lang='grc' dir='ltr'>(018Π1</span> <span class='ocrx_word' id='word_1_123' title='bbox 581 1342 734 1385; x_wconf 92' lang='lat' dir='ltr'>opusc.</span> <span class='ocrx_word' id='word_1_124' title='bbox 758 1328 917 1373; x_wconf 83' lang='lat' dir='ltr'>Graec.</span> <span class='ocrx_word' id='word_1_125' title='bbox 944 1331 1058 1374; x_wconf 88' lang='lat' dir='ltr'>sent.</span> <span class='ocrx_word' id='word_1_126' title='bbox 1083 1330 1104 1372; x_wconf 94' lang='lat' dir='ltr'>I</span> <span class='ocrx_word' id='word_1_127' title='bbox 1130 1334 1228 1384; x_wconf 83' lang='grc'>162,</span> <span class='ocrx_word' id='word_1_128' title='bbox 1250 1331 1323 1385; x_wconf 88' lang='grc'>19)</span> <span class='ocrx_word' id='word_1_129' title='bbox 1355 1328 1378 1373; x_wconf 86' lang='grc' dir='ltr'>ὁ</span> <span class='ocrx_word' id='word_1_130' title='bbox 1406 1332 1590 1380; x_wconf 80' lang='grc' dir='ltr'><em>πολλοῖς</em></span> <span class='ocrx_word' id='word_1_131' title='bbox 1621 1327 1820 1387; x_wconf 84' lang='grc' dir='ltr'><em>φοβερὸς</em></span> 
     </span>
     <span class='ocr_line' id='line_1_17' title="bbox 142 1385 1817 1446; baseline 0 -16"><span class='ocrx_word' id='word_1_132' title='bbox 142 1385 207 1431; x_wconf 81' lang='grc' dir='ltr'>ὢν</span> <span class='ocrx_word' id='word_1_133' title='bbox 237 1387 432 1438; x_wconf 80' lang='grc' dir='ltr'><em>πολλοὺς</em></span> <span class='ocrx_word' id='word_1_134' title='bbox 463 1385 703 1446; x_wconf 80' lang='grc' dir='ltr'><em>φοβείσθω</em></span> <span class='ocrx_word' id='word_1_135' title='bbox 736 1389 784 1431; x_wconf 89' lang='grc'>81</span> <span class='ocrx_word' id='word_1_136' title='bbox 815 1387 912 1432; x_wconf 89' lang='grc'>3111.</span> <span class='ocrx_word' id='word_1_137' title='bbox 961 1387 1026 1432; x_wconf 89' lang='lat' dir='ltr'>Cf.</span> <span class='ocrx_word' id='word_1_138' title='bbox 1050 1387 1317 1432; x_wconf 80' lang='lat' dir='ltr'>Macrobius</span> <span class='ocrx_word' id='word_1_139' title='bbox 1348 1387 1568 1431; x_wconf 88' lang='lat' dir='ltr'>laudatus</span> <span class='ocrx_word' id='word_1_140' title='bbox 1594 1387 1654 1431; x_wconf 89' lang='lat' dir='ltr'>ad</span> <span class='ocrx_word' id='word_1_141' title='bbox 1683 1387 1737 1431; x_wconf 87' lang='lat' dir='ltr'>fr.</span> <span class='ocrx_word' id='word_1_142' title='bbox 1762 1387 1817 1430; x_wconf 89' lang='lat' dir='ltr'>H.</span> 
     </span>
    </p>
   </div>
   <div class='ocr_carea' id='block_1_6' title="bbox 944 1542 1013 1589">
    <p class='ocr_par' dir='ltr' id='par_1_6' title="bbox 944 1542 1013 1589">
     <span class='ocr_line' id='line_1_18' title="bbox 944 1542 1013 1589; baseline 0 0"><span class='ocrx_word' id='word_1_143' title='bbox 944 1542 1013 1589; x_wconf 81' lang='lat' dir='ltr'>IV</span> 
     </span>
    </p>
   </div>
   <div class='ocr_carea' id='block_1_7' title="bbox 138 1625 1906 1961">
    <p class='ocr_par' dir='ltr' id='par_1_7' title="bbox 138 1625 1671 1784">
     <span class='ocr_line' id='line_1_19' title="bbox 138 1625 1671 1695; baseline 0 -18"><span class='ocrx_word' id='word_1_144' title='bbox 138 1625 265 1678; x_wconf 89' lang='lat' dir='ltr'>Non</span> <span class='ocrx_word' id='word_1_145' title='bbox 303 1625 528 1694; x_wconf 77' lang='lat' dir='ltr'>possunt</span> <span class='ocrx_word' id='word_1_146' title='bbox 564 1626 726 1695; x_wconf 93' lang='lat' dir='ltr'>primi</span> <span class='ocrx_word' id='word_1_147' title='bbox 766 1644 877 1679; x_wconf 88' lang='lat' dir='ltr'>esse</span> <span class='ocrx_word' id='word_1_148' title='bbox 917 1627 1099 1678; x_wconf 76' lang='lat' dir='ltr'>omnes</span> <span class='ocrx_word' id='word_1_149' title='bbox 1139 1626 1285 1679; x_wconf 92' lang='lat' dir='ltr'>omni</span> <span class='ocrx_word' id='word_1_150' title='bbox 1324 1626 1380 1678; x_wconf 92' lang='lat' dir='ltr'>in</span> <span class='ocrx_word' id='word_1_151' title='bbox 1418 1626 1671 1694; x_wconf 76' lang='lat' dir='ltr'>tempore.</span> 
     </span>
     <span class='ocr_line' id='line_1_20' title="bbox 141 1712 1518 1784; baseline 0.001 -19"><span class='ocrx_word' id='word_1_152' title='bbox 141 1712 422 1766; x_wconf 88' lang='lat' dir='ltr'>Summum</span> <span class='ocrx_word' id='word_1_153' title='bbox 460 1714 527 1765; x_wconf 74' lang='lat' dir='ltr'>ad</span> <span class='ocrx_word' id='word_1_154' title='bbox 568 1714 794 1784; x_wconf 87' lang='lat' dir='ltr'>gradum</span> <span class='ocrx_word' id='word_1_155' title='bbox 833 1732 954 1767; x_wconf 92' lang='lat' dir='ltr'>cum</span> <span class='ocrx_word' id='word_1_156' title='bbox 993 1714 1252 1767; x_wconf 72' lang='lat' dir='ltr'>claritatis</span> <span class='ocrx_word' id='word_1_157' title='bbox 1288 1714 1518 1784; x_wconf 74' lang='grc'>110118118,</span> 
     </span>
    </p>

    <p class='ocr_par' dir='ltr' id='par_1_8' title="bbox 141 1800 1273 1872">
     <span class='ocr_line' id='line_1_21' title="bbox 141 1800 1273 1872; baseline -0.001 -17"><span class='ocrx_word' id='word_1_158' title='bbox 141 1802 412 1855; x_wconf 74' lang='grc'>0011818188</span> <span class='ocrx_word' id='word_1_159' title='bbox 450 1820 628 1872; x_wconf 84' lang='lat' dir='ltr'>aegre,</span> <span class='ocrx_word' id='word_1_160' title='bbox 664 1800 815 1854; x_wconf 73' lang='lat' dir='ltr'>nictu</span> <span class='ocrx_word' id='word_1_161' title='bbox 854 1802 1011 1854; x_wconf 91' lang='lat' dir='ltr'>citius</span> <span class='ocrx_word' id='word_1_162' title='bbox 1052 1802 1273 1854; x_wconf 75' lang='lat' dir='ltr'>decidas,</span> 
     </span>
    </p>

    <p class='ocr_par' dir='ltr' id='par_1_9' title="bbox 142 1889 1906 1961">
     <span class='ocr_line' id='line_1_22' title="bbox 142 1889 1906 1961; baseline -0.001 -18"><span class='ocrx_word' id='word_1_163' title='bbox 142 1889 320 1943; x_wconf 82' lang='lat' dir='ltr'>Occidi</span> <span class='ocrx_word' id='word_1_164' title='bbox 359 1891 481 1961; x_wconf 74' lang='lat' dir='ltr'>ego,</span> <span class='ocrx_word' id='word_1_165' title='bbox 521 1890 673 1942; x_wconf 87' lang='lat' dir='ltr'>cadet</span> <span class='ocrx_word' id='word_1_166' title='bbox 711 1890 804 1959; x_wconf 90' lang='lat' dir='ltr'>qui</span> <span class='ocrx_word' id='word_1_167' title='bbox 843 1890 1106 1959; x_wconf 75' lang='lat' dir='ltr'>sequitur:</span> <span class='ocrx_word' id='word_1_168' title='bbox 1145 1891 1261 1942; x_wconf 84' lang='lat' dir='ltr'>laus</span> <span class='ocrx_word' id='word_1_169' title='bbox 1299 1893 1380 1942; x_wconf 89' lang='grc'>881</span> <span class='ocrx_word' id='word_1_170' title='bbox 1415 1890 1644 1960; x_wconf 77' lang='lat' dir='ltr'>publica.</span> <span class='ocrx_word' id='word_1_171' title='bbox 1822 1902 1906 1942; x_wconf 86' lang='lat'>130</span> 
     </span>
    </p>
   </div>
   <div class='ocr_carea' id='block_1_8' title="bbox 139 1990 1818 2815">
    <p class='ocr_par' dir='ltr' id='par_1_10' title="bbox 139 1990 1818 2815">
     <span class='ocr_line' id='line_1_23' title="bbox 258 1990 1818 2048; baseline 0 -14"><span class='ocrx_word' id='word_1_172' title='bbox 258 1991 523 2035; x_wconf 86' lang='lat' dir='ltr'>Macrobius</span> <span class='ocrx_word' id='word_1_173' title='bbox 553 1991 649 2035; x_wconf 86' lang='lat' dir='ltr'>Sat.</span> <span class='ocrx_word' id='word_1_174' title='bbox 674 1991 716 2034; x_wconf 90' lang='lat' dir='ltr'><strong>H</strong></span> <span class='ocrx_word' id='word_1_175' title='bbox 749 1995 787 2046; x_wconf 82' lang='lat'>7,</span> <span class='ocrx_word' id='word_1_176' title='bbox 816 1995 841 2035; x_wconf 81' lang='lat'><strong>7</strong></span> <span class='ocrx_word' id='word_1_177' title='bbox 873 1991 1121 2048; x_wconf 84' lang='lat' dir='ltr'>(Publilius</span> <span class='ocrx_word' id='word_1_178' title='bbox 1154 1991 1311 2048; x_wconf 83' lang='lat' dir='ltr'>Syrus)</span> <span class='ocrx_word' id='word_1_179' title='bbox 1346 1993 1469 2035; x_wconf 75' lang='lat' dir='ltr'>‘cum</span> <span class='ocrx_word' id='word_1_180' title='bbox 1498 1990 1664 2035; x_wconf 88' lang='lat' dir='ltr'>mimos</span> <span class='ocrx_word' id='word_1_181' title='bbox 1696 2005 1818 2035; x_wconf 90' lang='lat' dir='ltr'>com-</span> 
     </span>
     <span class='ocr_line' id='line_1_24' title="bbox 139 2049 1816 2107; baseline 0 -13"><span class='ocrx_word' id='word_1_182' title='bbox 139 2053 335 2107; x_wconf 90' lang='lat' dir='ltr'>poneret</span> <span class='ocrx_word' id='word_1_183' title='bbox 367 2049 641 2107; x_wconf 76' lang='lat' dir='ltr'>ingentique</span> <span class='ocrx_word' id='word_1_184' title='bbox 673 2050 874 2093; x_wconf 88' lang='lat' dir='ltr'>adsensu</span> <span class='ocrx_word' id='word_1_185' title='bbox 911 2049 962 2094; x_wconf 88' lang='lat' dir='ltr'>in</span> <span class='ocrx_word' id='word_1_186' title='bbox 990 2050 1157 2095; x_wconf 87' lang='lat' dir='ltr'>Italiae</span> <span class='ocrx_word' id='word_1_187' title='bbox 1190 2050 1373 2107; x_wconf 90' lang='lat' dir='ltr'>oppidis</span> <span class='ocrx_word' id='word_1_188' title='bbox 1406 2064 1544 2107; x_wconf 87' lang='lat' dir='ltr'>agere</span> <span class='ocrx_word' id='word_1_189' title='bbox 1575 2049 1816 2107; x_wconf 88' lang='lat' dir='ltr'>coepisset,</span> 
     </span>
     <span class='ocr_line' id='line_1_25' title="bbox 139 2108 1818 2166; baseline 0.001 -14"><span class='ocrx_word' id='word_1_190' title='bbox 139 2110 394 2166; x_wconf 89' lang='lat' dir='ltr'>productus</span> <span class='ocrx_word' id='word_1_191' title='bbox 424 2110 600 2152; x_wconf 87' lang='lat' dir='ltr'>Romae</span> <span class='ocrx_word' id='word_1_192' title='bbox 638 2122 722 2165; x_wconf 90' lang='lat' dir='ltr'>per</span> <span class='ocrx_word' id='word_1_193' title='bbox 752 2108 963 2153; x_wconf 85' lang='lat' dir='ltr'>Caesaris</span> <span class='ocrx_word' id='word_1_194' title='bbox 994 2109 1151 2166; x_wconf 88' lang='lat' dir='ltr'>ludos,</span> <span class='ocrx_word' id='word_1_195' title='bbox 1191 2123 1348 2154; x_wconf 91' lang='lat' dir='ltr'>omnes</span> <span class='ocrx_word' id='word_1_196' title='bbox 1381 2109 1462 2165; x_wconf 93' lang='lat' dir='ltr'>qui</span> <span class='ocrx_word' id='word_1_197' title='bbox 1499 2111 1611 2153; x_wconf 92' lang='lat' dir='ltr'>tunc</span> <span class='ocrx_word' id='word_1_198' title='bbox 1644 2108 1818 2166; x_wconf 88' lang='lat' dir='ltr'>scripta</span> 
     </span>
     <span class='ocr_line' id='line_1_26' title="bbox 141 2168 1818 2225; baseline -0.001 -13"><span class='ocrx_word' id='word_1_199' title='bbox 141 2171 189 2212; x_wconf 91' lang='lat' dir='ltr'>et</span> <span class='ocrx_word' id='word_1_200' title='bbox 228 2182 391 2225; x_wconf 89' lang='lat' dir='ltr'>operas</span> <span class='ocrx_word' id='word_1_201' title='bbox 424 2182 531 2212; x_wconf 89' lang='lat' dir='ltr'>suas</span> <span class='ocrx_word' id='word_1_202' title='bbox 569 2168 619 2211; x_wconf 90' lang='lat' dir='ltr'>in</span> <span class='ocrx_word' id='word_1_203' title='bbox 656 2181 873 2211; x_wconf 89' lang='lat' dir='ltr'>scaenam</span> <span class='ocrx_word' id='word_1_204' title='bbox 902 2168 1176 2212; x_wconf 87' lang='lat' dir='ltr'>locauerant</span> <span class='ocrx_word' id='word_1_205' title='bbox 1212 2168 1510 2225; x_wconf 84' lang='lat' dir='ltr'>prouocauit,</span> <span class='ocrx_word' id='word_1_206' title='bbox 1549 2170 1603 2212; x_wconf 91' lang='lat' dir='ltr'>ut</span> <span class='ocrx_word' id='word_1_207' title='bbox 1642 2168 1818 2225; x_wconf 87' lang='lat' dir='ltr'>singuli</span> 
     </span>
     <span class='ocr_line' id='line_1_27' title="bbox 142 2226 1818 2284; baseline -0.001 -13"><span class='ocrx_word' id='word_1_208' title='bbox 142 2242 298 2272; x_wconf 91' lang='lat' dir='ltr'>secum</span> <span class='ocrx_word' id='word_1_209' title='bbox 326 2227 483 2284; x_wconf 86' lang='lat' dir='ltr'>posita</span> <span class='ocrx_word' id='word_1_210' title='bbox 512 2227 716 2270; x_wconf 90' lang='lat' dir='ltr'>inuicem</span> <span class='ocrx_word' id='word_1_211' title='bbox 746 2226 944 2271; x_wconf 85' lang='lat' dir='ltr'>materia</span> <span class='ocrx_word' id='word_1_212' title='bbox 974 2242 1058 2284; x_wconf 92' lang='lat' dir='ltr'>pro</span> <span class='ocrx_word' id='word_1_213' title='bbox 1089 2229 1296 2284; x_wconf 89' lang='lat' dir='ltr'>tempore</span> <span class='ocrx_word' id='word_1_214' title='bbox 1328 2228 1673 2271; x_wconf 89' lang='lat' dir='ltr'>contenderent.</span> <span class='ocrx_word' id='word_1_215' title='bbox 1720 2227 1818 2271; x_wconf 87' lang='lat' dir='ltr'>Nec</span> 
     </span>
     <span class='ocr_line' id='line_1_28' title="bbox 140 2285 1817 2343; baseline 0 -13"><span class='ocrx_word' id='word_1_216' title='bbox 140 2287 237 2330; x_wconf 92' lang='lat' dir='ltr'>ullo</span> <span class='ocrx_word' id='word_1_217' title='bbox 275 2289 519 2330; x_wconf 88' lang='lat' dir='ltr'>recusante</span> <span class='ocrx_word' id='word_1_218' title='bbox 559 2285 799 2343; x_wconf 90' lang='lat' dir='ltr'>superauit</span> <span class='ocrx_word' id='word_1_219' title='bbox 837 2300 1016 2339; x_wconf 84' lang='lat' dir='ltr'>omnes,</span> <span class='ocrx_word' id='word_1_220' title='bbox 1054 2286 1104 2329; x_wconf 88' lang='lat' dir='ltr'>in</span> <span class='ocrx_word' id='word_1_221' title='bbox 1135 2287 1238 2342; x_wconf 89' lang='lat' dir='ltr'>quis</span> <span class='ocrx_word' id='word_1_222' title='bbox 1275 2288 1323 2330; x_wconf 91' lang='lat' dir='ltr'>et</span> <span class='ocrx_word' id='word_1_223' title='bbox 1360 2286 1620 2330; x_wconf 89' lang='lat' dir='ltr'>Laberium.</span> <span class='ocrx_word' id='word_1_224' title='bbox 1681 2286 1817 2331; x_wconf 90' lang='lat' dir='ltr'>Vnde</span> 
     </span>
     <span class='ocr_line' id='line_1_29' title="bbox 142 2345 1817 2402; baseline -0.001 -12"><span class='ocrx_word' id='word_1_225' title='bbox 142 2346 311 2390; x_wconf 88' lang='lat' dir='ltr'>Caesar</span> <span class='ocrx_word' id='word_1_226' title='bbox 351 2345 567 2389; x_wconf 87' lang='lat' dir='ltr'>adridens</span> <span class='ocrx_word' id='word_1_227' title='bbox 605 2345 694 2388; x_wconf 91' lang='lat' dir='ltr'>hoc</span> <span class='ocrx_word' id='word_1_228' title='bbox 730 2345 870 2388; x_wconf 90' lang='lat' dir='ltr'>modo</span> <span class='ocrx_word' id='word_1_229' title='bbox 910 2345 1255 2402; x_wconf 88' lang='lat' dir='ltr'>pronuntiauit:</span> <span class='ocrx_word' id='word_1_230' title='bbox 1302 2345 1534 2389; x_wconf 79' lang='lat' dir='ltr'>fauente</span> <span class='ocrx_word' id='word_1_231' title='bbox 1579 2345 1691 2389; x_wconf 87' lang='lat' dir='ltr'>tibi</span> <span class='ocrx_word' id='word_1_232' title='bbox 1735 2359 1817 2389; x_wconf 92' lang='lat' dir='ltr'>me</span> 
     </span>
     <span class='ocr_line' id='line_1_30' title="bbox 141 2403 1818 2461; baseline 0 -13"><span class='ocrx_word' id='word_1_233' title='bbox 141 2407 330 2448; x_wconf 83' lang='lat' dir='ltr'>uictus</span> <span class='ocrx_word' id='word_1_234' title='bbox 371 2418 449 2460; x_wconf 92' lang='lat' dir='ltr'>es,</span> <span class='ocrx_word' id='word_1_235' title='bbox 487 2403 714 2460; x_wconf 85' lang='lat' dir='ltr'>Laberi,</span> <span class='ocrx_word' id='word_1_236' title='bbox 756 2406 784 2447; x_wconf 76' lang='lat' dir='ltr'>a</span> <span class='ocrx_word' id='word_1_237' title='bbox 820 2404 977 2461; x_wconf 87' lang='lat' dir='ltr'>Syro:</span> <span class='ocrx_word' id='word_1_238' title='bbox 1017 2404 1269 2460; x_wconf 88' lang='lat' dir='ltr'>statimque</span> <span class='ocrx_word' id='word_1_239' title='bbox 1299 2404 1502 2448; x_wconf 92' lang='lat' dir='ltr'>Publilio</span> <span class='ocrx_word' id='word_1_240' title='bbox 1532 2404 1740 2461; x_wconf 88' lang='lat' dir='ltr'>palmam</span> <span class='ocrx_word' id='word_1_241' title='bbox 1770 2406 1818 2448; x_wconf 93' lang='lat' dir='ltr'>et</span> 
     </span>
     <span class='ocr_line' id='line_1_31' title="bbox 140 2462 1817 2520; baseline -0.001 -13"><span class='ocrx_word' id='word_1_242' title='bbox 140 2463 338 2507; x_wconf 89' lang='lat' dir='ltr'>Laberio</span> <span class='ocrx_word' id='word_1_243' title='bbox 372 2463 562 2507; x_wconf 90' lang='lat' dir='ltr'>anulum</span> <span class='ocrx_word' id='word_1_244' title='bbox 593 2476 785 2507; x_wconf 90' lang='lat' dir='ltr'>aureum</span> <span class='ocrx_word' id='word_1_245' title='bbox 816 2477 920 2506; x_wconf 89' lang='lat' dir='ltr'>cum</span> <span class='ocrx_word' id='word_1_246' title='bbox 943 2462 1211 2520; x_wconf 87' lang='lat' dir='ltr'>quingentis</span> <span class='ocrx_word' id='word_1_247' title='bbox 1237 2463 1463 2507; x_wconf 86' lang='lat' dir='ltr'>sestertiis</span> <span class='ocrx_word' id='word_1_248' title='bbox 1496 2462 1639 2507; x_wconf 89' lang='lat' dir='ltr'>dedit.</span> <span class='ocrx_word' id='word_1_249' title='bbox 1687 2463 1817 2506; x_wconf 88' lang='lat' dir='ltr'>Tunc</span> 
     </span>
     <span class='ocr_line' id='line_1_32' title="bbox 141 2521 1817 2579; baseline -0.001 -13"><span class='ocrx_word' id='word_1_250' title='bbox 141 2522 372 2566; x_wconf 88' lang='lat' dir='ltr'>Publilius</span> <span class='ocrx_word' id='word_1_251' title='bbox 398 2522 458 2566; x_wconf 89' lang='lat' dir='ltr'>ad</span> <span class='ocrx_word' id='word_1_252' title='bbox 486 2521 735 2565; x_wconf 90' lang='lat' dir='ltr'>Laberium</span> <span class='ocrx_word' id='word_1_253' title='bbox 758 2522 1052 2566; x_wconf 86' lang='lat' dir='ltr'>recedentem</span> <span class='ocrx_word' id='word_1_254' title='bbox 1082 2522 1170 2567; x_wconf 85' lang='lat' dir='ltr'>ait:</span> <span class='ocrx_word' id='word_1_255' title='bbox 1203 2524 1428 2579; x_wconf 81' lang='lat' dir='ltr'>quicum</span> <span class='ocrx_word' id='word_1_256' title='bbox 1458 2521 1817 2566; x_wconf 84' lang='lat' dir='ltr'>contendisti</span> 
     </span>
     <span class='ocr_line' id='line_1_33' title="bbox 143 2580 1817 2638; baseline -0.001 -13"><span class='ocrx_word' id='word_1_257' title='bbox 143 2581 411 2638; x_wconf 88' lang='lat' dir='ltr'>scriptor,</span> <span class='ocrx_word' id='word_1_258' title='bbox 450 2581 595 2624; x_wconf 79' lang='lat' dir='ltr'>hunc</span> <span class='ocrx_word' id='word_1_259' title='bbox 635 2583 928 2638; x_wconf 87' lang='lat' dir='ltr'>spectator</span> <span class='ocrx_word' id='word_1_260' title='bbox 966 2581 1218 2626; x_wconf 77' lang='lat' dir='ltr'>subleua.</span> <span class='ocrx_word' id='word_1_261' title='bbox 1282 2581 1373 2625; x_wconf 86' lang='lat' dir='ltr'>Sed</span> <span class='ocrx_word' id='word_1_262' title='bbox 1411 2583 1460 2625; x_wconf 91' lang='lat' dir='ltr'>et</span> <span class='ocrx_word' id='word_1_263' title='bbox 1491 2580 1715 2625; x_wconf 91' lang='lat' dir='ltr'>Laberius</span> <span class='ocrx_word' id='word_1_264' title='bbox 1747 2594 1817 2624; x_wconf 92' lang='lat' dir='ltr'>se-</span> 
     </span>
     <span class='ocr_line' id='line_1_34' title="bbox 142 2639 1815 2696; baseline 0.001 -13"><span class='ocrx_word' id='word_1_265' title='bbox 142 2639 305 2696; x_wconf 87' lang='lat' dir='ltr'>quenti</span> <span class='ocrx_word' id='word_1_266' title='bbox 344 2639 505 2683; x_wconf 89' lang='lat' dir='ltr'>statim</span> <span class='ocrx_word' id='word_1_267' title='bbox 543 2639 864 2684; x_wconf 89' lang='lat' dir='ltr'>commissione</span> <span class='ocrx_word' id='word_1_268' title='bbox 903 2639 1045 2684; x_wconf 91' lang='lat' dir='ltr'>mimo</span> <span class='ocrx_word' id='word_1_269' title='bbox 1083 2654 1206 2684; x_wconf 91' lang='lat' dir='ltr'>nouo</span> <span class='ocrx_word' id='word_1_270' title='bbox 1244 2639 1480 2684; x_wconf 88' lang='lat' dir='ltr'>interiecit</span> <span class='ocrx_word' id='word_1_271' title='bbox 1515 2639 1601 2684; x_wconf 91' lang='lat' dir='ltr'>hos</span> <span class='ocrx_word' id='word_1_272' title='bbox 1632 2653 1815 2685; x_wconf 88' lang='lat' dir='ltr'>uersus:</span> 
     </span>
     <span class='ocr_line' id='line_1_35' title="bbox 141 2698 1818 2815; baseline -0.001 -72"><span class='ocrx_word' id='word_1_273' title='bbox 141 2699 625 2802; x_wconf 43' lang='lat' dir='ltr'>{ozlpossulrlit’te</span> <span class='ocrx_word' id='word_1_274' title='bbox 646 2714 693 2815; x_wconf 61' lang='lat' dir='ltr'>&gt;q</span> <span class='ocrx_word' id='word_1_275' title='bbox 720 2714 754 2744; x_wconf 92' lang='lat' dir='ltr'>s.</span> <span class='ocrx_word' id='word_1_276' title='bbox 796 2698 1104 2757; x_wconf 90' lang='lat' dir='ltr'>(Publilius</span> <span class='ocrx_word' id='word_1_277' title='bbox 1138 2713 1308 2743; x_wconf 90' lang='lat' dir='ltr'>nomen</span> <span class='ocrx_word' id='word_1_278' title='bbox 1340 2699 1530 2743; x_wconf 85' lang='lat' dir='ltr'>exhibet</span> <span class='ocrx_word' id='word_1_279' title='bbox 1558 2698 1703 2744; x_wconf 68' lang='lat' dir='ltr'>Paris</span> <span class='ocrx_word' id='word_1_280' title='bbox 1735 2698 1818 2742; x_wconf 89' lang='lat' dir='ltr'>ubi</span> 
     </span>
    </p>

    <p class='ocr_par' dir='ltr' id='par_1_11' title="bbox 186 2772 641 2815">
     <span class='ocr_line' id='line_1_36' title="bbox 186 2772 641 2815; baseline 0.002 -13"><span class='ocrx_word' id='word_1_281' title='bbox 186 2774 217 2802; x_wconf 91' lang='lat' dir='ltr'>u</span> <span class='ocrx_word' id='word_1_282' title='bbox 292 2773 379 2801; x_wconf 90' lang='grc'>1118</span> <span class='ocrx_word' id='word_1_283' title='bbox 409 2773 435 2802; x_wconf 91' lang='lat' dir='ltr'>v</span> <span class='ocrx_word' id='word_1_284' title='bbox 491 2772 552 2815; x_wconf 84' lang='lat' dir='ltr'>ga</span> <span class='ocrx_word' id='word_1_285' title='bbox 574 2773 641 2803; x_wconf 88' lang='lat' dir='ltr'>ur.</span> 
     </span>
    </p>
   </div>
   <div class='ocr_carea' id='block_1_9' title="bbox 142 2845 1816 2963">
    <p class='ocr_par' dir='ltr' id='par_1_12' title="bbox 142 2845 1816 2963">
     <span class='ocr_line' id='line_1_37' title="bbox 262 2845 1815 2903; baseline 0 -14"><span class='ocrx_word' id='word_1_286' title='bbox 262 2852 287 2889; x_wconf 89' lang='lat'><strong>3</strong></span> <span class='ocrx_word' id='word_1_287' title='bbox 328 2845 633 2890; x_wconf 86' lang='lat' dir='ltr'>consistentes</span> <span class='ocrx_word' id='word_1_288' title='bbox 665 2847 816 2891; x_wconf 82' lang='lat' dir='ltr'>Palat.</span> <span class='ocrx_word' id='word_1_289' title='bbox 953 2859 1103 2903; x_wconf 88' lang='lat' dir='ltr'>agere,</span> <span class='ocrx_word' id='word_1_290' title='bbox 1134 2861 1232 2903; x_wconf 78' lang='lat' dir='ltr'>sup.</span> <span class='ocrx_word' id='word_1_291' title='bbox 1275 2860 1396 2903; x_wconf 89' lang='lat' dir='ltr'>egre,</span> <span class='ocrx_word' id='word_1_292' title='bbox 1431 2846 1550 2891; x_wconf 58' lang='grc' dir='ltr'>(ἤιά.</span> <span class='ocrx_word' id='word_1_293' title='bbox 1683 2845 1815 2890; x_wconf 88' lang='grc'>1110111</span> 
     </span>
     <span class='ocr_line' id='line_1_38' title="bbox 142 2904 1816 2963; baseline -0.001 -13"><span class='ocrx_word' id='word_1_294' title='bbox 142 2907 307 2963; x_wconf 77' lang='lat' dir='ltr'>scm‘psi</span> <span class='ocrx_word' id='word_1_295' title='bbox 342 2918 428 2949; x_wconf 91' lang='lat' dir='ltr'>nec</span> <span class='ocrx_word' id='word_1_296' title='bbox 459 2905 584 2950; x_wconf 79' lang='lat' dir='ltr'>Med.</span> <span class='ocrx_word' id='word_1_297' title='bbox 616 2907 685 2951; x_wconf 86' lang='lat' dir='ltr'>ab</span> <span class='ocrx_word' id='word_1_298' title='bbox 721 2918 806 2960; x_wconf 77' lang='lat' dir='ltr'>nec</span> <span class='ocrx_word' id='word_1_299' title='bbox 840 2905 977 2963; x_wconf 75' lang='lat' dir='ltr'>Anyl.</span> <span class='ocrx_word' id='word_1_300' title='bbox 1010 2906 1134 2950; x_wconf 80' lang='lat' dir='ltr'>Med.</span> <span class='ocrx_word' id='word_1_301' title='bbox 1167 2920 1190 2950; x_wconf 91' lang='lat' dir='ltr'>c</span> <span class='ocrx_word' id='word_1_302' title='bbox 1228 2908 1276 2950; x_wconf 91' lang='lat' dir='ltr'>et</span> <span class='ocrx_word' id='word_1_303' title='bbox 1314 2923 1349 2963; x_wconf 85' lang='grc' dir='ltr'>φ</span> <span class='ocrx_word' id='word_1_304' title='bbox 1499 2904 1636 2949; x_wconf 86' lang='grc'>0111118</span> <span class='ocrx_word' id='word_1_305' title='bbox 1675 2919 1816 2961; x_wconf 83' lang='lat' dir='ltr'>quam</span> 
     </span>
    </p>
   </div>
  </div>
 </body>
</html>
