2060 3140
451 134 894 180 ANONYMORVM
923 135 1220 181 MIMORVM
1247 135 1573 190 RELIQVIAE
1741 139 1847 192 381

174 269 309 313 libris
341 268 583 326 Sibyllinis
614 271 663 313 et
692 268 918 313 uaticinio
948 267 1113 312 Marcii
1142 268 1266 313 uatis
1297 268 1554 326 institutos,
1586 284 1671 316 nec
1701 271 1850 315 nomi-

163 330 318 374 natur
347 328 469 372 ullus
493 327 795 384 Pomponius:
827 327 1115 383 ridiculeque
1147 328 1204 371 de
1234 327 1338 384 ipsa
1369 329 1684 386 appellatione
1714 344 1850 387 para-

179 387 372 431 sitorum
402 386 634 444 Apollinis
673 386 750 430 hic
788 401 978 430 causam
1015 386 1189 443 reddit,
1230 401 1334 430 cum
1365 387 1415 431 in
1445 402 1500 432 eo
1538 389 1849 445 praeterisset.

179 446 248 490 ait
286 446 410 490 enim
439 446 509 490 ita
541 444 789 502 appellari,
828 446 954 501 quod
985 445 1032 490 C.
1057 445 1352 503 Volumnius,
1391 447 1472 503 qui
1511 448 1572 492 ad
1610 447 1854 492 tibicinem

180 505 387 562 saltarit,
427 505 798 549 secundarum
835 504 1087 561 partium
1115 503 1276 559 fuerit,
1317 504 1413 561 qui
1443 505 1560 550 fere
1592 506 1851 551 omnibus

179 564 364 609 mimis
394 563 689 621 parasitus
720 563 1059 607 inducatur.'
1110 562 1175 607 Of.
1200 563 1317 608 XVI.
1367 563 1551 609 Servius
1575 565 1711 623 Verg.
1737 567 1851 610 Aen.

180 624 244 667 ΠΙ
276 629 359 668 279
395 625 522 667 ‘nam
561 637 665 666 cum
694 622 894 666 Romani
931 621 1174 666 iracundia
1210 622 1374 666 matris
1410 624 1548 668 deum
1586 624 1855 668 laborarent

181 685 230 727 et
260 696 362 726 eam
391 696 477 726 nec
501 681 738 725 sacrificiis
769 695 855 725 nec
885 681 1008 725 ludis
1038 680 1225 738 placare
1255 685 1459 738 possent,
1491 683 1683 738 quidam
1714 697 1853 727 senex

182 741 373 786 statutis
405 740 529 784 ludis
561 739 842 784 circensibus
875 740 1089 795 saltauit,
1122 753 1241 795 quae
1274 741 1373 784 sola
1403 741 1495 785 fuit
1525 756 1666 786 causa
1697 742 1859 798 placa-

181 800 347 856 tionis,
395 800 518 843 unde
565 801 613 843 et
657 801 821 842 natum
864 799 1163 855 prouerbium
1204 801 1295 844 est:
1350 800 1534 844 omnia
1586 801 1856 855 secunda,

185 860 367 904 saltat
413 858 612 903 senex?
675 858 810 901 Adde
848 857 1076 902 Macrobii
1115 858 1208 901 Sat.
1240 858 1262 900 Ι
1301 862 1369 914 17,
1403 864 1458 903 25
1491 874 1589 915 sqq.
1662 860 1858 903 Factum

187 921 259 964 est
297 918 423 973 quod
458 916 668 960 narravit
697 915 885 960 Verrius
926 917 973 960 P.
1007 916 1212 973 Sulpicio
1245 916 1396 960 Galba
1429 917 1507 962 Cn.
1539 917 1702 962 Fulvio
1742 931 1856 962 coss

186 991 308 1022 anno
334 976 537 1035 543s211,
570 975 630 1018 M.
657 974 906 1030 Calpurnio
931 975 1099 1018 Pisone
1120 977 1333 1030 praetore
1356 976 1534 1020 urbano
1558 976 1693 1020 ludos
1717 976 1858 1033 Apol-

186 1036 359 1080 linares
391 1035 582 1077 curante
615 1047 735 1076 anno
766 1033 1018 1089 praeterito
1050 1034 1135 1090 Ap.
1162 1033 1356 1077 Claudio
1387 1034 1586 1079 Pulchro
1619 1035 1669 1088 Q.
1694 1035 1859 1079 Fulvio

185 1095 354 1139 Flacco
387 1107 502 1137 coss.
533 1091 733 1149 primum
762 1091 1017 1149 institutos,
1050 1106 1140 1148 quo
1171 1091 1276 1148 ipso
1309 1106 1429 1136 anno
1460 1093 1692 1150 parasitos
1722 1093 1861 1150 Apol-

188 1153 321 1210 linis,
359 1153 404 1197 h.
438 1165 475 1196 e.
510 1150 739 1195 artificum
771 1151 1086 1195 scaenicorum
1125 1150 1445 1208 sodalitatem,
1485 1147 1724 1196 institutos
1761 1166 1859 1196 esse

189 1212 391 1257 coniecit
419 1210 671 1255 Merkelius
703 1210 765 1253 ad
797 1209 953 1254 Ovidii
983 1210 1088 1255 fast.
1120 1226 1164 1267 p.
1191 1209 1465 1256 CCXXXIV.
1522 1211 1738 1268 Suspicor
1767 1224 1862 1255 non

188 1272 239 1316 in
277 1284 502 1325 scaena,
545 1269 626 1313 sed
663 1269 714 1312 in
753 1283 887 1312 cena
923 1269 1154 1326 parasitos
1193 1268 1307 1312 istos
1343 1269 1574 1326 Apollinis
1613 1269 1860 1326 proverbio

187 1331 272 1375 illo
303 1345 411 1374 usos
441 1329 600 1385 fuisse,
632 1342 737 1372 cum
767 1341 818 1372 re
846 1329 966 1372 bene
997 1331 1130 1385 gesta
1162 1326 1310 1384 epulis
1344 1342 1391 1371 se
1423 1331 1697 1374 recrearent.

945 1527 1114 1574 XVIII

197 1602 314 1652 cata
352 1598 521 1650 carisa

311 1698 530 1744 Placidus
563 1697 658 1741 CGl
688 1697 731 1741 V
764 1702 817 1740 15
850 1696 925 1753 (of.
956 1712 999 1753 p.
1027 1699 1100 1754 52)
1133 1696 1183 1742 Gr.
1221 1695 1408 1751 ‘carisa‚
1448 1696 1583 1738 uetus
1621 1694 1728 1738 lena
1765 1706 1867 1750 per-

198 1759 386 1814 caHida,
418 1758 541 1801 unde
565 1759 613 1800 et
640 1756 690 1799 in
712 1755 853 1799 mimo
877 1755 1068 1799 fallaces
1094 1755 1291 1799 ancillae
1323 1752 1673 1798 catacarisia
1696 1755 1869 1810 (cata-

199 1818 445 1863 carisiae
482 1832 528 1873 p.
554 1815 627 1872 52)
668 1815 1056 1872 appellabantur.’
1122 1814 1186 1858 Cf.
1218 1815 1261 1858 V
1293 1818 1376 1857 596
1419 1813 1484 1856 IV
1516 1816 1570 1855 28
1611 1811 1663 1856 G.
1695 1810 1870 1855 Loewii

197 1878 435 1922 Prodrom.
460 1880 547 1919 304
572 1889 671 1931 sqq.
703 1875 758 1918 H.
783 1874 958 1918 Jordan
988 1873 1104 1917 Krit.
1128 1873 1268 1918 Beitr.
1294 1877 1350 1916 80
1375 1886 1473 1927 sqq.

315 1967 450 2010 eatae
482 1963 660 2008 carisae
692 1963 1038 2007 Hildebrandus

981 2159 1097 2207 XIX

203 2233 506 2287 strutheum

322 2334 485 2377 Festus
515 2348 560 2390 p.
586 2337 671 2376 313
704 2332 764 2377 M.
800 2330 1136 2374 ‘strutheum
1166 2327 1216 2370 in
1246 2325 1398 2369 mimis
1429 2324 1676 2382 praecipue
1703 2327 1878 2368 uocant

208 2393 458 2438 obscenam
493 2394 675 2448 partem
705 2390 908 2446 uirilem,
950 2402 978 2432 a
1009 2386 1252 2431 salacitate
1282 2383 1504 2428 uidelicet
1534 2382 1755 2440 passeris,
1796 2382 1878 2439 qui

140 2486 147 2491 -
208 2453 383 2497 Graece
415 2451 621 2496 struthos
653 2449 856 2494 dicitur.’
921 2447 987 2492 Of.
1020 2445 1161 2490 schol.
1193 2443 1398 2488 Iuvenal.
1421 2443 1486 2487 VI
1518 2447 1587 2486 66.

1003 2644 1092 2691 XX

210 2720 502 2773 familiares

334 2821 508 2865 Seneca
524 2817 709 2875 epist.V
727 2821 752 2860 6
769 2817 875 2872 (47),
896 2818 950 2856 14
974 2811 1230 2855 ‘dominum
1247 2812 1428 2866 patrem
1447 2806 1656 2852 familiae
1676 2806 1884 2864 adpella-

214 2881 401 2924 uerunt’
427 2878 641 2936 (maiores
670 2873 848 2931 nostri),
876 2874 1106 2925 ‘seruos,
1141 2869 1266 2925 quod
1297 2867 1441 2912 etiam
1469 2867 1519 2910 in
1549 2865 1702 2910 mimis
1731 2865 1884 2910 adhuc

217 2939 376 2996 durat,
412 2934 765 2981 familiares.’
831 2931 895 2976 Cf.
928 2929 1192 2974 Macrobius
1224 2929 1319 2973 Sat.
1344 2927 1366 2970 I
1398 2931 1466 2981 11,
1494 2931 1561 2971 11.
