<?xml version="1.0" encoding="UTF-8"?>
<!DOCTYPE html PUBLIC "-//W3C//DTD XHTML 1.0 Transitional//EN"
    "http://www.w3.org/TR/xhtml1/DTD/xhtml1-transitional.dtd">
<html xmlns="http://www.w3.org/1999/xhtml" xml:lang="en" lang="en">
 <head>
  <title>
</title>
<meta http-equiv="Content-Type" content="text/html;charset=utf-8" />
  <meta name='ocr-system' content='tesseract 3.04.00' />
  <meta name='ocr-capabilities' content='ocr_page ocr_carea ocr_par ocr_line ocrx_word'/>
</head>
<body>
  <div class='ocr_page' id='page_1' title='image "./scaenicaeromanor02ribbuoft_0160.png"; bbox 0 0 2060 3140; ppageno 0'>
   <div class='ocr_carea' id='block_1_1' title="bbox 153 1048 209 1086">
    <p class='ocr_par' dir='ltr' id='par_1_1' title="bbox 153 1048 209 1086">
     <span class='ocr_line' id='line_1_1' title="bbox 153 1048 209 1086; baseline 0.018 -1"><span class='ocrx_word' id='word_1_1' title='bbox 153 1048 209 1086; x_wconf 85' lang='lat'>80</span> 
     </span>
    </p>
   </div>
   <div class='ocr_carea' id='block_1_2' title="bbox 253 160 1634 217">
    <p class='ocr_par' dir='ltr' id='par_1_2' title="bbox 253 160 1634 217">
     <span class='ocr_line' id='line_1_2' title="bbox 253 160 1634 217; baseline -0.003 -8"><span class='ocrx_word' id='word_1_2' title='bbox 253 164 357 217; x_wconf 85' lang='lat'>148</span> <span class='ocrx_word' id='word_1_3' title='bbox 537 163 619 206; x_wconf 89' lang='lat' dir='ltr'>EX</span> <span class='ocrx_word' id='word_1_4' title='bbox 648 161 923 206; x_wconf 86' lang='lat' dir='ltr'>INCERTIS</span> <span class='ocrx_word' id='word_1_5' title='bbox 954 161 1021 205; x_wconf 90' lang='lat' dir='ltr'>IN</span> <span class='ocrx_word' id='word_1_6' title='bbox 1023 160 1354 206; x_wconf 80' lang='lat' dir='ltr'>CERTORVM</span> <span class='ocrx_word' id='word_1_7' title='bbox 1383 160 1634 205; x_wconf 84' lang='lat' dir='ltr'>FABVLIS</span> 
     </span>
    </p>
   </div>
   <div class='ocr_carea' id='block_1_3' title="bbox 243 293 1927 588">
    <p class='ocr_par' dir='ltr' id='par_1_3' title="bbox 243 293 1927 588">
     <span class='ocr_line' id='line_1_3' title="bbox 362 293 1924 360; baseline -0.001 -20"><span class='ocrx_word' id='word_1_8' title='bbox 362 296 484 340; x_wconf 90' lang='lat' dir='ltr'>LXV</span> <span class='ocrx_word' id='word_1_9' title='bbox 516 310 582 350; x_wconf 92' lang='lat' dir='ltr'>sq.</span> <span class='ocrx_word' id='word_1_10' title='bbox 645 295 820 339; x_wconf 82' lang='lat' dir='ltr'>Seneca</span> <span class='ocrx_word' id='word_1_11' title='bbox 858 293 992 349; x_wconf 94' lang='lat' dir='ltr'>epist.</span> <span class='ocrx_word' id='word_1_12' title='bbox 1026 297 1132 350; x_wconf 90' lang='grc'>108,</span> <span class='ocrx_word' id='word_1_13' title='bbox 1169 298 1220 336; x_wconf 93' lang='grc'>11</span> <span class='ocrx_word' id='word_1_14' title='bbox 1257 293 1341 337; x_wconf 80' lang='lat' dir='ltr'>‘de</span> <span class='ocrx_word' id='word_1_15' title='bbox 1383 294 1652 360; x_wconf 81' lang='lat' dir='ltr'>contemptu</span> <span class='ocrx_word' id='word_1_16' title='bbox 1697 294 1924 351; x_wconf 90' lang='lat' dir='ltr'>pecuniae</span> 
     </span>
     <span class='ocr_line' id='line_1_4' title="bbox 245 330 1924 408; baseline -0.001 -9"><span class='ocrx_word' id='word_1_17' title='bbox 245 356 394 400; x_wconf 91' lang='lat' dir='ltr'>multa</span> <span class='ocrx_word' id='word_1_18' title='bbox 426 355 676 398; x_wconf 92' lang='lat' dir='ltr'>dicuntur.</span> <span class='ocrx_word' id='word_1_19' title='bbox 727 351 911 408; x_wconf 84' lang='lat' dir='ltr'>.magis</span> <span class='ocrx_word' id='word_1_20' title='bbox 942 354 1101 396; x_wconf 91' lang='lat' dir='ltr'>tamen</span> <span class='ocrx_word' id='word_1_21' title='bbox 1122 330 1359 395; x_wconf 85' lang='lat' dir='ltr'>feriuntur</span> <span class='ocrx_word' id='word_1_22' title='bbox 1389 351 1547 408; x_wconf 83' lang='lat' dir='ltr'>animi,</span> <span class='ocrx_word' id='word_1_23' title='bbox 1580 366 1684 396; x_wconf 91' lang='lat' dir='ltr'>cum</span> <span class='ocrx_word' id='word_1_24' title='bbox 1715 353 1924 397; x_wconf 89' lang='lat' dir='ltr'>carmina</span> 
     </span>
     <span class='ocr_line' id='line_1_5' title="bbox 246 389 1919 467; baseline -0.002 -8"><span class='ocrx_word' id='word_1_25' title='bbox 246 415 367 459; x_wconf 86' lang='lat' dir='ltr'>eius</span> <span class='ocrx_word' id='word_1_26' title='bbox 406 412 556 457; x_wconf 89' lang='lat' dir='ltr'>modi</span> <span class='ocrx_word' id='word_1_27' title='bbox 589 389 715 455; x_wconf 80' lang='lat' dir='ltr'>dicta</span> <span class='ocrx_word' id='word_1_28' title='bbox 747 413 876 455; x_wconf 89' lang='lat' dir='ltr'>sunt:</span> <span class='ocrx_word' id='word_1_29' title='bbox 922 410 969 453; x_wconf 91' lang='lat' dir='ltr'>is</span> <span class='ocrx_word' id='word_1_30' title='bbox 1009 409 1263 454; x_wconf 88' lang='lat' dir='ltr'>minimo’</span> <span class='ocrx_word' id='word_1_31' title='bbox 1298 423 1336 455; x_wconf 93' lang='lat' dir='ltr'>e.</span> <span class='ocrx_word' id='word_1_32' title='bbox 1369 425 1412 466; x_wconf 93' lang='lat' dir='ltr'>q.</span> <span class='ocrx_word' id='word_1_33' title='bbox 1447 425 1481 454; x_wconf 78' lang='lat' dir='ltr'>S.</span> <span class='ocrx_word' id='word_1_34' title='bbox 1547 411 1722 467; x_wconf 78' lang='lat' dir='ltr'>‘quod</span> <span class='ocrx_word' id='word_1_35' title='bbox 1767 413 1919 456; x_wconf 92' lang='lat' dir='ltr'>uult’</span> 
     </span>
     <span class='ocr_line' id='line_1_6' title="bbox 245 468 1923 528; baseline -0.001 -11"><span class='ocrx_word' id='word_1_36' title='bbox 245 487 283 518; x_wconf 91' lang='lat' dir='ltr'>e.</span> <span class='ocrx_word' id='word_1_37' title='bbox 310 488 353 528; x_wconf 91' lang='lat' dir='ltr'>q.</span> <span class='ocrx_word' id='word_1_38' title='bbox 379 488 413 516; x_wconf 93' lang='lat' dir='ltr'>s.</span> <span class='ocrx_word' id='word_1_39' title='bbox 465 473 588 515; x_wconf 84' lang='lat' dir='ltr'>‘cum</span> <span class='ocrx_word' id='word_1_40' title='bbox 617 471 733 514; x_wconf 90' lang='lat' dir='ltr'>haec</span> <span class='ocrx_word' id='word_1_41' title='bbox 766 472 905 525; x_wconf 88' lang='lat' dir='ltr'>atque</span> <span class='ocrx_word' id='word_1_42' title='bbox 937 469 1074 513; x_wconf 88' lang='lat' dir='ltr'>huius</span> <span class='ocrx_word' id='word_1_43' title='bbox 1105 468 1234 512; x_wconf 90' lang='lat' dir='ltr'>modi</span> <span class='ocrx_word' id='word_1_44' title='bbox 1266 469 1545 526; x_wconf 82' lang='lat' dir='ltr'>audimus,</span> <span class='ocrx_word' id='word_1_45' title='bbox 1577 470 1640 514; x_wconf 92' lang='lat' dir='ltr'>ad</span> <span class='ocrx_word' id='word_1_46' title='bbox 1671 471 1923 516; x_wconf 88' lang='lat' dir='ltr'>confessio-</span> 
     </span>
     <span class='ocr_line' id='line_1_7' title="bbox 243 527 1927 588; baseline -0.001 -12"><span class='ocrx_word' id='word_1_47' title='bbox 243 546 351 576; x_wconf 87' lang='lat' dir='ltr'>nem</span> <span class='ocrx_word' id='word_1_48' title='bbox 391 529 605 575; x_wconf 88' lang='lat' dir='ltr'>ueritatis</span> <span class='ocrx_word' id='word_1_49' title='bbox 638 528 942 572; x_wconf 56' lang='lat' dir='ltr'>adducimur?</span> <span class='ocrx_word' id='word_1_50' title='bbox 1007 527 1141 572; x_wconf 91' lang='lat' dir='ltr'>Publ.</span> <span class='ocrx_word' id='word_1_51' title='bbox 1174 528 1271 584; x_wconf 80' lang='lat' dir='ltr'>Syr.</span> <span class='ocrx_word' id='word_1_52' title='bbox 1305 530 1419 572; x_wconf 91' lang='lat' dir='ltr'>sent.</span> <span class='ocrx_word' id='word_1_53' title='bbox 1454 533 1552 572; x_wconf 84' lang='lat'>242.</span> <span class='ocrx_word' id='word_1_54' title='bbox 1585 533 1672 573; x_wconf 84' lang='lat'>443</span> <span class='ocrx_word' id='word_1_55' title='bbox 1704 530 1767 573; x_wconf 83' lang='lat' dir='ltr'>R1</span> <span class='ocrx_word' id='word_1_56' title='bbox 1798 531 1835 588; x_wconf 90' lang='lat' dir='ltr'>(I</span> <span class='ocrx_word' id='word_1_57' title='bbox 1867 536 1927 575; x_wconf 84' lang='lat'>56</span> 
     </span>
    </p>
   </div>
   <div class='ocr_carea' id='block_1_4' title="bbox 246 590 901 719">
    <p class='ocr_par' dir='ltr' id='par_1_4' title="bbox 246 590 901 719">
     <span class='ocr_line' id='line_1_8' title="bbox 246 590 482 645; baseline -0.013 -10"><span class='ocrx_word' id='word_1_58' title='bbox 246 591 282 644; x_wconf 83' lang='lat' dir='ltr'>Q</span> <span class='ocrx_word' id='word_1_59' title='bbox 317 596 371 635; x_wconf 83' lang='lat'>74</span> <span class='ocrx_word' id='word_1_60' title='bbox 403 590 482 645; x_wconf 89' lang='lat' dir='ltr'>M.)</span> 
     </span>
     <span class='ocr_line' id='line_1_9' title="bbox 359 661 901 719; baseline 0 -13"><span class='ocrx_word' id='word_1_61' title='bbox 359 662 602 706; x_wconf 85' lang='lat' dir='ltr'>minimum</span> <span class='ocrx_word' id='word_1_62' title='bbox 634 661 757 706; x_wconf 81' lang='lat' dir='ltr'>Fris.</span> <span class='ocrx_word' id='word_1_63' title='bbox 791 661 901 719; x_wconf 75' lang='lat' dir='ltr'>Syri</span> 
     </span>
    </p>
   </div>
   <div class='ocr_carea' id='block_1_5' title="bbox 242 741 1771 897">
    <p class='ocr_par' dir='ltr' id='par_1_5' title="bbox 242 741 1771 897">
     <span class='ocr_line' id='line_1_10' title="bbox 999 741 1161 789; baseline 0.006 -1"><span class='ocrx_word' id='word_1_64' title='bbox 999 741 1161 789; x_wconf 90' lang='lat' dir='ltr'>LXVI</span> 
     </span>
     <span class='ocr_line' id='line_1_11' title="bbox 242 825 1771 897; baseline 0.001 -17"><span class='ocrx_word' id='word_1_65' title='bbox 242 827 395 891; x_wconf 81' lang='lat' dir='ltr'>Quod</span> <span class='ocrx_word' id='word_1_66' title='bbox 431 827 551 879; x_wconf 79' lang='lat' dir='ltr'>uult</span> <span class='ocrx_word' id='word_1_67' title='bbox 588 826 766 897; x_wconf 83' lang='lat' dir='ltr'>habet,</span> <span class='ocrx_word' id='word_1_68' title='bbox 803 826 896 895; x_wconf 93' lang='lat' dir='ltr'>qui</span> <span class='ocrx_word' id='word_1_69' title='bbox 933 825 1072 878; x_wconf 78' lang='lat' dir='ltr'>uelle</span> <span class='ocrx_word' id='word_1_70' title='bbox 1112 825 1256 894; x_wconf 92' lang='lat' dir='ltr'>quod</span> <span class='ocrx_word' id='word_1_71' title='bbox 1293 826 1423 878; x_wconf 85' lang='lat' dir='ltr'>satis</span> <span class='ocrx_word' id='word_1_72' title='bbox 1463 827 1543 879; x_wconf 78' lang='lat' dir='ltr'>est</span> <span class='ocrx_word' id='word_1_73' title='bbox 1579 830 1771 896; x_wconf 84' lang='lat' dir='ltr'>potest.</span> 
     </span>
    </p>
   </div>
   <div class='ocr_carea' id='block_1_6' title="bbox 241 947 1632 1102">
    <p class='ocr_par' dir='ltr' id='par_1_6' title="bbox 241 947 1632 1102">
     <span class='ocr_line' id='line_1_12' title="bbox 983 947 1171 996; baseline -0.011 0"><span class='ocrx_word' id='word_1_74' title='bbox 983 947 1171 996; x_wconf 91' lang='lat' dir='ltr'>LXVII</span> 
     </span>
     <span class='ocr_line' id='line_1_13' title="bbox 241 1032 1632 1102; baseline -0.001 -15"><span class='ocrx_word' id='word_1_75' title='bbox 241 1033 305 1087; x_wconf 90' lang='lat' dir='ltr'>In</span> <span class='ocrx_word' id='word_1_76' title='bbox 341 1034 550 1086; x_wconf 81' lang='lat' dir='ltr'>millum</span> <span class='ocrx_word' id='word_1_77' title='bbox 587 1051 779 1085; x_wconf 87' lang='lat' dir='ltr'>auarus</span> <span class='ocrx_word' id='word_1_78' title='bbox 817 1032 990 1085; x_wconf 77' lang='lat' dir='ltr'>bonus</span> <span class='ocrx_word' id='word_1_79' title='bbox 1029 1035 1131 1101; x_wconf 90' lang='lat' dir='ltr'>est,</span> <span class='ocrx_word' id='word_1_80' title='bbox 1170 1032 1227 1084; x_wconf 89' lang='lat' dir='ltr'>in</span> <span class='ocrx_word' id='word_1_81' title='bbox 1264 1051 1319 1085; x_wconf 87' lang='lat' dir='ltr'>se</span> <span class='ocrx_word' id='word_1_82' title='bbox 1357 1033 1632 1102; x_wconf 61' lang='lat' dir='ltr'>pessimus».</span> 
     </span>
    </p>
   </div>
   <div class='ocr_carea' id='block_1_7' title="bbox 238 1132 1922 1486">
    <p class='ocr_par' dir='ltr' id='par_1_7' title="bbox 238 1132 1922 1486">
     <span class='ocr_line' id='line_1_14' title="bbox 359 1132 1921 1191; baseline 0 -12"><span class='ocrx_word' id='word_1_83' title='bbox 359 1135 534 1179; x_wconf 83' lang='lat' dir='ltr'>Seneca</span> <span class='ocrx_word' id='word_1_84' title='bbox 565 1133 698 1191; x_wconf 87' lang='lat' dir='ltr'>epist.</span> <span class='ocrx_word' id='word_1_85' title='bbox 733 1137 838 1189; x_wconf 84' lang='grc'>108,</span> <span class='ocrx_word' id='word_1_86' title='bbox 872 1138 898 1176; x_wconf 86' lang='grc'><strong>9</strong></span> <span class='ocrx_word' id='word_1_87' title='bbox 933 1133 1045 1176; x_wconf 82' lang='lat' dir='ltr'>‘non</span> <span class='ocrx_word' id='word_1_88' title='bbox 1074 1132 1207 1176; x_wconf 91' lang='lat' dir='ltr'>uides</span> <span class='ocrx_word' id='word_1_89' title='bbox 1239 1146 1378 1188; x_wconf 90' lang='lat' dir='ltr'>quem</span> <span class='ocrx_word' id='word_1_90' title='bbox 1408 1133 1660 1178; x_wconf 88' lang='lat' dir='ltr'>admodum</span> <span class='ocrx_word' id='word_1_91' title='bbox 1689 1134 1921 1179; x_wconf 88' lang='lat' dir='ltr'>theatra</span> 
     </span>
     <span class='ocr_line' id='line_1_15' title="bbox 241 1191 1922 1250; baseline 0 -13"><span class='ocrx_word' id='word_1_92' title='bbox 241 1195 576 1249; x_wconf 71' lang='lat' dir='ltr'>consonent,</span> <span class='ocrx_word' id='word_1_93' title='bbox 609 1192 825 1248; x_wconf 87' lang='lat' dir='ltr'>quotiens</span> <span class='ocrx_word' id='word_1_94' title='bbox 851 1191 1011 1247; x_wconf 91' lang='lat' dir='ltr'>aliqua</span> <span class='ocrx_word' id='word_1_95' title='bbox 1035 1191 1164 1235; x_wconf 89' lang='lat' dir='ltr'>dicta</span> <span class='ocrx_word' id='word_1_96' title='bbox 1188 1194 1297 1235; x_wconf 90' lang='lat' dir='ltr'>sunt</span> <span class='ocrx_word' id='word_1_97' title='bbox 1320 1206 1441 1247; x_wconf 91' lang='lat' dir='ltr'>quae</span> <span class='ocrx_word' id='word_1_98' title='bbox 1462 1192 1650 1249; x_wconf 91' lang='lat' dir='ltr'>publice</span> <span class='ocrx_word' id='word_1_99' title='bbox 1676 1194 1922 1250; x_wconf 84' lang='lat' dir='ltr'>adgnosci-</span> 
     </span>
     <span class='ocr_line' id='line_1_16' title="bbox 239 1251 1921 1317; baseline 0 -21"><span class='ocrx_word' id='word_1_100' title='bbox 239 1268 341 1296; x_wconf 90' lang='lat' dir='ltr'>mus</span> <span class='ocrx_word' id='word_1_101' title='bbox 374 1255 422 1296; x_wconf 89' lang='lat' dir='ltr'>et</span> <span class='ocrx_word' id='word_1_102' title='bbox 453 1265 680 1296; x_wconf 85' lang='lat' dir='ltr'>consensu</span> <span class='ocrx_word' id='word_1_103' title='bbox 712 1265 824 1317; x_wconf 80' lang='lat' dir='ltr'>uera</span> <span class='ocrx_word' id='word_1_104' title='bbox 855 1264 954 1295; x_wconf 90' lang='lat' dir='ltr'>esse</span> <span class='ocrx_word' id='word_1_105' title='bbox 985 1253 1240 1295; x_wconf 76' lang='lat' dir='ltr'>testamur?</span> <span class='ocrx_word' id='word_1_106' title='bbox 1273 1251 1425 1309; x_wconf 91' lang='lat' dir='ltr'>[Publ.</span> <span class='ocrx_word' id='word_1_107' title='bbox 1459 1251 1557 1307; x_wconf 83' lang='lat' dir='ltr'>Syr.</span> <span class='ocrx_word' id='word_1_108' title='bbox 1591 1254 1705 1296; x_wconf 90' lang='lat' dir='ltr'>sent.</span> <span class='ocrx_word' id='word_1_109' title='bbox 1741 1257 1823 1296; x_wconf 92' lang='lat'>121</span> <span class='ocrx_word' id='word_1_110' title='bbox 1856 1253 1921 1296; x_wconf 84' lang='lat' dir='ltr'>R1</span> 
     </span>
     <span class='ocr_line' id='line_1_17' title="bbox 241 1309 1919 1369; baseline 0 -14"><span class='ocrx_word' id='word_1_111' title='bbox 241 1335 296 1349; x_wconf 94' lang='lat'><strong><em>=</em></strong></span> <span class='ocrx_word' id='word_1_112' title='bbox 328 1316 413 1361; x_wconf 87' lang='lat'>236</span> <span class='ocrx_word' id='word_1_113' title='bbox 444 1312 518 1356; x_wconf 92' lang='lat' dir='ltr'>W.</span> <span class='ocrx_word' id='word_1_114' title='bbox 550 1311 572 1354; x_wconf 96' lang='grc' dir='ltr'>Ι</span> <span class='ocrx_word' id='word_1_115' title='bbox 604 1315 629 1355; x_wconf 78' lang='grc'>7</span> <span class='ocrx_word' id='word_1_116' title='bbox 660 1311 743 1369; x_wconf 91' lang='grc' dir='ltr'>Μ.]</span> <span class='ocrx_word' id='word_1_117' title='bbox 803 1309 861 1353; x_wconf 90' lang='lat' dir='ltr'>in</span> <span class='ocrx_word' id='word_1_118' title='bbox 898 1309 1140 1353; x_wconf 87' lang='lat' dir='ltr'>nullum’</span> <span class='ocrx_word' id='word_1_119' title='bbox 1184 1323 1222 1353; x_wconf 92' lang='lat' dir='ltr'>e.</span> <span class='ocrx_word' id='word_1_120' title='bbox 1255 1324 1298 1365; x_wconf 90' lang='lat' dir='ltr'>q.</span> <span class='ocrx_word' id='word_1_121' title='bbox 1333 1324 1366 1355; x_wconf 86' lang='lat' dir='ltr'>s.</span> <span class='ocrx_word' id='word_1_122' title='bbox 1433 1310 1529 1353; x_wconf 77' lang='lat' dir='ltr'>‘ad</span> <span class='ocrx_word' id='word_1_123' title='bbox 1574 1310 1674 1354; x_wconf 85' lang='lat' dir='ltr'>hos</span> <span class='ocrx_word' id='word_1_124' title='bbox 1721 1324 1919 1356; x_wconf 87' lang='lat' dir='ltr'>uersus</span> 
     </span>
     <span class='ocr_line' id='line_1_18' title="bbox 239 1368 1920 1426; baseline 0.002 -13"><span class='ocrx_word' id='word_1_125' title='bbox 239 1370 343 1414; x_wconf 92' lang='lat' dir='ltr'>ille</span> <span class='ocrx_word' id='word_1_126' title='bbox 390 1369 823 1414; x_wconf 87' lang='lat' dir='ltr'>sordidissimus</span> <span class='ocrx_word' id='word_1_127' title='bbox 870 1368 1102 1426; x_wconf 88' lang='lat' dir='ltr'>plaudit</span> <span class='ocrx_word' id='word_1_128' title='bbox 1141 1371 1188 1412; x_wconf 91' lang='lat' dir='ltr'>et</span> <span class='ocrx_word' id='word_1_129' title='bbox 1226 1368 1356 1412; x_wconf 83' lang='lat' dir='ltr'>uitiis</span> <span class='ocrx_word' id='word_1_130' title='bbox 1397 1368 1492 1412; x_wconf 91' lang='lat' dir='ltr'>suis</span> <span class='ocrx_word' id='word_1_131' title='bbox 1524 1368 1624 1413; x_wconf 91' lang='lat' dir='ltr'>fieri</span> <span class='ocrx_word' id='word_1_132' title='bbox 1655 1369 1920 1416; x_wconf 89' lang='lat' dir='ltr'>conuicium</span> 
     </span>
     <span class='ocr_line' id='line_1_19' title="bbox 238 1428 1644 1486; baseline -0.001 -12"><span class='ocrx_word' id='word_1_133' title='bbox 238 1430 445 1486; x_wconf 88' lang='lat' dir='ltr'>gaudet’</span> <span class='ocrx_word' id='word_1_134' title='bbox 508 1429 641 1474; x_wconf 91' lang='lat' dir='ltr'>Publ.</span> <span class='ocrx_word' id='word_1_135' title='bbox 675 1428 772 1485; x_wconf 82' lang='lat' dir='ltr'>Syr.</span> <span class='ocrx_word' id='word_1_136' title='bbox 806 1430 921 1473; x_wconf 86' lang='lat' dir='ltr'>sent.</span> <span class='ocrx_word' id='word_1_137' title='bbox 954 1433 1041 1471; x_wconf 87' lang='lat'>224</span> <span class='ocrx_word' id='word_1_138' title='bbox 1072 1428 1135 1471; x_wconf 83' lang='lat' dir='ltr'>R1</span> <span class='ocrx_word' id='word_1_139' title='bbox 1167 1451 1222 1465; x_wconf 91' lang='lat'><strong><em>=</em></strong></span> <span class='ocrx_word' id='word_1_140' title='bbox 1254 1433 1342 1472; x_wconf 84' lang='lat'>234</span> <span class='ocrx_word' id='word_1_141' title='bbox 1365 1428 1440 1473; x_wconf 93' lang='lat' dir='ltr'>W</span> <span class='ocrx_word' id='word_1_142' title='bbox 1471 1428 1493 1471; x_wconf 95' lang='grc' dir='ltr'><strong>Ι</strong></span> <span class='ocrx_word' id='word_1_143' title='bbox 1524 1433 1549 1472; x_wconf 89' lang='lat'>5</span> <span class='ocrx_word' id='word_1_144' title='bbox 1581 1428 1644 1472; x_wconf 92' lang='lat' dir='ltr'>M.</span> 
     </span>
    </p>
   </div>
   <div class='ocr_carea' id='block_1_8' title="bbox 354 1516 1180 1644">
    <p class='ocr_par' dir='ltr' id='par_1_8' title="bbox 354 1516 1180 1644">
     <span class='ocr_line' id='line_1_20' title="bbox 354 1516 690 1576; baseline 0.003 -15"><span class='ocrx_word' id='word_1_145' title='bbox 354 1517 484 1562; x_wconf 88' lang='lat' dir='ltr'>nullo</span> <span class='ocrx_word' id='word_1_146' title='bbox 517 1516 626 1576; x_wconf 76' lang='lat' dir='ltr'>Syri</span> <span class='ocrx_word' id='word_1_147' title='bbox 655 1535 690 1561; x_wconf 89' lang='grc' dir='ltr'><em>ω</em></span> 
     </span>
     <span class='ocr_line' id='line_1_21' title="bbox 966 1596 1180 1644; baseline -0.009 0"><span class='ocrx_word' id='word_1_148' title='bbox 966 1596 1180 1644; x_wconf 90' lang='lat' dir='ltr'>LXVIII</span> 
     </span>
    </p>
   </div>
   <div class='ocr_carea' id='block_1_9' title="bbox 236 1679 1917 1839">
    <p class='ocr_par' dir='ltr' id='par_1_9' title="bbox 236 1679 1917 1839">
     <span class='ocr_line' id='line_1_22' title="bbox 236 1679 1349 1734; baseline -0.001 -1"><span class='ocrx_word' id='word_1_149' title='bbox 236 1679 448 1734; x_wconf 73' lang='lat' dir='ltr'>Auarus</span> <span class='ocrx_word' id='word_1_150' title='bbox 485 1681 694 1733; x_wconf 85' lang='lat' dir='ltr'>animus</span> <span class='ocrx_word' id='word_1_151' title='bbox 730 1681 879 1733; x_wconf 82' lang='lat' dir='ltr'>millo</span> <span class='ocrx_word' id='word_1_152' title='bbox 920 1681 1146 1733; x_wconf 76' lang='lat' dir='ltr'>satiatur</span> <span class='ocrx_word' id='word_1_153' title='bbox 1183 1681 1349 1734; x_wconf 90' lang='lat' dir='ltr'>lucro.</span> 
     </span>
     <span class='ocr_line' id='line_1_23' title="bbox 354 1756 1917 1839; baseline 0.001 -14"><span class='ocrx_word' id='word_1_154' title='bbox 354 1781 543 1825; x_wconf 83' lang='lat' dir='ltr'>LXV&#39;HI</span> <span class='ocrx_word' id='word_1_155' title='bbox 566 1796 632 1836; x_wconf 87' lang='lat' dir='ltr'>sq.</span> <span class='ocrx_word' id='word_1_156' title='bbox 674 1756 854 1825; x_wconf 86' lang='lat' dir='ltr'>Seneca</span> <span class='ocrx_word' id='word_1_157' title='bbox 873 1781 1008 1837; x_wconf 87' lang='lat' dir='ltr'>epist.</span> <span class='ocrx_word' id='word_1_158' title='bbox 1026 1786 1097 1838; x_wconf 85' lang='lat'>94,</span> <span class='ocrx_word' id='word_1_159' title='bbox 1114 1786 1171 1825; x_wconf 85' lang='lat'>43</span> <span class='ocrx_word' id='word_1_160' title='bbox 1192 1780 1314 1837; x_wconf 79' lang='lat' dir='ltr'>‘quis</span> <span class='ocrx_word' id='word_1_161' title='bbox 1340 1783 1498 1825; x_wconf 87' lang='lat' dir='ltr'>autem</span> <span class='ocrx_word' id='word_1_162' title='bbox 1521 1781 1765 1839; x_wconf 89' lang='lat' dir='ltr'>negauerit</span> <span class='ocrx_word' id='word_1_163' title='bbox 1787 1782 1917 1827; x_wconf 90' lang='lat' dir='ltr'>feriri</span> 
     </span>
    </p>
   </div>
   <div class='ocr_carea' id='block_1_10' title="bbox 172 1837 1915 1897">
    <p class='ocr_par' dir='ltr' id='par_1_10' title="bbox 172 1837 1915 1897">
     <span class='ocr_line' id='line_1_24' title="bbox 172 1837 1915 1897; baseline 0 -13"><span class='ocrx_word' id='word_1_164' title='bbox 172 1837 174 1839; x_wconf 62' lang='grc'><strong><em>’</em></strong></span> <span class='ocrx_word' id='word_1_165' title='bbox 237 1841 518 1897; x_wconf 89' lang='lat' dir='ltr'>quibusdam</span> <span class='ocrx_word' id='word_1_166' title='bbox 540 1840 802 1896; x_wconf 75' lang='lat' dir='ltr'>praeceptis</span> <span class='ocrx_word' id='word_1_167' title='bbox 828 1839 1079 1884; x_wconf 87' lang='lat' dir='ltr'>efficaciter</span> <span class='ocrx_word' id='word_1_168' title='bbox 1103 1840 1247 1884; x_wconf 88' lang='lat' dir='ltr'>etiam</span> <span class='ocrx_word' id='word_1_169' title='bbox 1270 1840 1657 1897; x_wconf 82' lang='lat' dir='ltr'>inperitissimos?</span> <span class='ocrx_word' id='word_1_170' title='bbox 1687 1840 1819 1885; x_wconf 92' lang='lat' dir='ltr'>uelut</span> <span class='ocrx_word' id='word_1_171' title='bbox 1841 1842 1915 1885; x_wconf 88' lang='lat' dir='ltr'>his</span> 
     </span>
    </p>
   </div>
   <div class='ocr_carea' id='block_1_11' title="bbox 236 1898 1917 2666">
    <p class='ocr_par' dir='ltr' id='par_1_11' title="bbox 236 1898 1917 2666">
     <span class='ocr_line' id='line_1_25' title="bbox 239 1898 1913 1956; baseline 0 -12"><span class='ocrx_word' id='word_1_172' title='bbox 239 1899 524 1944; x_wconf 83' lang='lat' dir='ltr'>breuissimis</span> <span class='ocrx_word' id='word_1_173' title='bbox 537 1898 746 1955; x_wconf 87' lang='lat' dir='ltr'>uocibus,</span> <span class='ocrx_word' id='word_1_174' title='bbox 762 1899 844 1943; x_wconf 86' lang='lat' dir='ltr'>sed</span> <span class='ocrx_word' id='word_1_175' title='bbox 856 1899 1056 1943; x_wconf 91' lang='lat' dir='ltr'>multum</span> <span class='ocrx_word' id='word_1_176' title='bbox 1066 1899 1350 1944; x_wconf 86' lang='lat' dir='ltr'>habentibus</span> <span class='ocrx_word' id='word_1_177' title='bbox 1363 1900 1603 1956; x_wconf 87' lang='lat' dir='ltr'>ponderis:</span> <span class='ocrx_word' id='word_1_178' title='bbox 1619 1899 1739 1944; x_wconf 89' lang='lat' dir='ltr'>nihil</span> <span class='ocrx_word' id='word_1_179' title='bbox 1754 1899 1913 1944; x_wconf 85' lang='lat' dir='ltr'>nimis’</span> 
     </span>
     <span class='ocr_line' id='line_1_26' title="bbox 239 1958 1916 2017; baseline 0.001 -14"><span class='ocrx_word' id='word_1_180' title='bbox 239 1960 439 2012; x_wconf 85' lang='lat' dir='ltr'>(Terent.</span> <span class='ocrx_word' id='word_1_181' title='bbox 465 1958 606 2003; x_wconf 94' lang='lat' dir='ltr'>Andr.</span> <span class='ocrx_word' id='word_1_182' title='bbox 637 1960 711 2015; x_wconf 88' lang='grc'>61)</span> <span class='ocrx_word' id='word_1_183' title='bbox 746 1959 1002 2002; x_wconf 76' lang='lat' dir='ltr'>‘auarus&#39;</span> <span class='ocrx_word' id='word_1_184' title='bbox 1039 1972 1076 2003; x_wconf 92' lang='lat' dir='ltr'>e.</span> <span class='ocrx_word' id='word_1_185' title='bbox 1103 1973 1145 2014; x_wconf 93' lang='lat' dir='ltr'>q.</span> <span class='ocrx_word' id='word_1_186' title='bbox 1173 1974 1207 2003; x_wconf 78' lang='lat' dir='ltr'>s,</span> <span class='ocrx_word' id='word_1_187' title='bbox 1240 1961 1314 2016; x_wconf 90' lang='lat'>(=</span> <span class='ocrx_word' id='word_1_188' title='bbox 1348 1958 1446 2015; x_wconf 82' lang='lat' dir='ltr'>Syr.</span> <span class='ocrx_word' id='word_1_189' title='bbox 1478 1963 1535 2003; x_wconf 77' lang='lat'>37</span> <span class='ocrx_word' id='word_1_190' title='bbox 1565 1960 1642 2015; x_wconf 83' lang='lat' dir='ltr'>R1‚</span> <span class='ocrx_word' id='word_1_191' title='bbox 1674 1959 1716 2002; x_wconf 95' lang='lat' dir='ltr'>A</span> <span class='ocrx_word' id='word_1_192' title='bbox 1746 1963 1803 2003; x_wconf 78' lang='lat'>55</span> <span class='ocrx_word' id='word_1_193' title='bbox 1834 1960 1916 2017; x_wconf 90' lang='grc' dir='ltr'>Μ.)</span> 
     </span>
     <span class='ocr_line' id='line_1_27' title="bbox 241 2017 1917 2075; baseline 0 -13"><span class='ocrx_word' id='word_1_194' title='bbox 241 2019 335 2074; x_wconf 82' lang='lat' dir='ltr'>‘ab</span> <span class='ocrx_word' id='word_1_195' title='bbox 368 2017 510 2062; x_wconf 90' lang='lat' dir='ltr'>alio’</span> <span class='ocrx_word' id='word_1_196' title='bbox 545 2031 584 2062; x_wconf 93' lang='lat' dir='ltr'>e.</span> <span class='ocrx_word' id='word_1_197' title='bbox 617 2032 660 2073; x_wconf 90' lang='lat' dir='ltr'>q.</span> <span class='ocrx_word' id='word_1_198' title='bbox 694 2032 728 2062; x_wconf 77' lang='lat' dir='ltr'>s,</span> <span class='ocrx_word' id='word_1_199' title='bbox 762 2020 834 2074; x_wconf 91' lang='lat'>(=</span> <span class='ocrx_word' id='word_1_200' title='bbox 867 2018 965 2074; x_wconf 83' lang='lat' dir='ltr'>Syr.</span> <span class='ocrx_word' id='word_1_201' title='bbox 1000 2023 1023 2061; x_wconf 92' lang='lat'>1</span> <span class='ocrx_word' id='word_1_202' title='bbox 1056 2018 1133 2075; x_wconf 76' lang='lat' dir='ltr'>El,</span> <span class='ocrx_word' id='word_1_203' title='bbox 1165 2023 1192 2062; x_wconf 91' lang='lat'>2</span> <span class='ocrx_word' id='word_1_204' title='bbox 1223 2018 1313 2074; x_wconf 92' lang='lat' dir='ltr'>W.,</span> <span class='ocrx_word' id='word_1_205' title='bbox 1344 2018 1387 2061; x_wconf 96' lang='lat' dir='ltr'>A</span> <span class='ocrx_word' id='word_1_206' title='bbox 1418 2023 1444 2062; x_wconf 94' lang='lat'>2</span> <span class='ocrx_word' id='word_1_207' title='bbox 1475 2018 1556 2075; x_wconf 89' lang='lat' dir='ltr'>M.)</span> <span class='ocrx_word' id='word_1_208' title='bbox 1602 2019 1764 2062; x_wconf 77' lang='lat' dir='ltr'>‘haec</span> <span class='ocrx_word' id='word_1_209' title='bbox 1795 2032 1917 2062; x_wconf 91' lang='lat' dir='ltr'>cum</span> 
     </span>
     <span class='ocr_line' id='line_1_28' title="bbox 238 2076 1916 2133; baseline 0.002 -14"><span class='ocrx_word' id='word_1_210' title='bbox 238 2077 358 2121; x_wconf 90' lang='lat' dir='ltr'>ictu</span> <span class='ocrx_word' id='word_1_211' title='bbox 404 2077 646 2133; x_wconf 90' lang='lat' dir='ltr'>quodam</span> <span class='ocrx_word' id='word_1_212' title='bbox 692 2076 950 2120; x_wconf 89' lang='lat' dir='ltr'>audimus</span> <span class='ocrx_word' id='word_1_213' title='bbox 995 2090 1081 2121; x_wconf 91' lang='lat' dir='ltr'>nec</span> <span class='ocrx_word' id='word_1_214' title='bbox 1127 2076 1214 2120; x_wconf 90' lang='lat' dir='ltr'>ulli</span> <span class='ocrx_word' id='word_1_215' title='bbox 1254 2076 1367 2122; x_wconf 86' lang='lat' dir='ltr'>licet</span> <span class='ocrx_word' id='word_1_216' title='bbox 1406 2076 1621 2121; x_wconf 90' lang='lat' dir='ltr'>dubitare</span> <span class='ocrx_word' id='word_1_217' title='bbox 1662 2079 1744 2121; x_wconf 89' lang='lat' dir='ltr'>aut</span> <span class='ocrx_word' id='word_1_218' title='bbox 1773 2076 1916 2122; x_wconf 89' lang='lat' dir='ltr'>inter-</span> 
     </span>
     <span class='ocr_line' id='line_1_29' title="bbox 237 2135 1915 2193; baseline 0.001 -14"><span class='ocrx_word' id='word_1_219' title='bbox 237 2149 422 2193; x_wconf 84' lang='lat' dir='ltr'>rogare:</span> <span class='ocrx_word' id='word_1_220' title='bbox 462 2149 604 2191; x_wconf 88' lang='lat' dir='ltr'>quare</span> <span class='ocrx_word' id='word_1_221' title='bbox 615 2136 653 2181; x_wconf 78' lang='lat'>‘?’</span> <span class='ocrx_word' id='word_1_222' title='bbox 716 2136 990 2180; x_wconf 88' lang='lat' dir='ltr'>Lactantius</span> <span class='ocrx_word' id='word_1_223' title='bbox 1030 2136 1122 2180; x_wconf 83' lang='lat' dir='ltr'>div.</span> <span class='ocrx_word' id='word_1_224' title='bbox 1153 2135 1302 2180; x_wconf 88' lang='lat' dir='ltr'>instit.</span> <span class='ocrx_word' id='word_1_225' title='bbox 1334 2137 1355 2180; x_wconf 97' lang='lat' dir='ltr'>I</span> <span class='ocrx_word' id='word_1_226' title='bbox 1388 2141 1457 2192; x_wconf 88' lang='grc'>16,</span> <span class='ocrx_word' id='word_1_227' title='bbox 1491 2141 1547 2180; x_wconf 91' lang='grc'>10</span> <span class='ocrx_word' id='word_1_228' title='bbox 1581 2137 1692 2180; x_wconf 78' lang='lat' dir='ltr'>‘non</span> <span class='ocrx_word' id='word_1_229' title='bbox 1722 2136 1915 2193; x_wconf 89' lang='lat' dir='ltr'>illepide</span> 
     </span>
     <span class='ocr_line' id='line_1_30' title="bbox 238 2194 1913 2252; baseline 0.001 -13"><span class='ocrx_word' id='word_1_230' title='bbox 238 2195 412 2239; x_wconf 90' lang='lat' dir='ltr'>Seneca</span> <span class='ocrx_word' id='word_1_231' title='bbox 442 2195 492 2238; x_wconf 94' lang='lat' dir='ltr'>in</span> <span class='ocrx_word' id='word_1_232' title='bbox 522 2194 655 2238; x_wconf 91' lang='lat' dir='ltr'>libris</span> <span class='ocrx_word' id='word_1_233' title='bbox 694 2195 884 2239; x_wconf 90' lang='lat' dir='ltr'>moralis</span> <span class='ocrx_word' id='word_1_234' title='bbox 922 2194 1269 2252; x_wconf 85' lang='lat' dir='ltr'>philosophiae:</span> <span class='ocrx_word' id='word_1_235' title='bbox 1309 2195 1423 2250; x_wconf 93' lang='lat' dir='ltr'>quid</span> <span class='ocrx_word' id='word_1_236' title='bbox 1464 2208 1573 2252; x_wconf 87' lang='lat' dir='ltr'>ergo</span> <span class='ocrx_word' id='word_1_237' title='bbox 1613 2198 1703 2252; x_wconf 88' lang='lat' dir='ltr'>est,</span> <span class='ocrx_word' id='word_1_238' title='bbox 1744 2195 1913 2252; x_wconf 89' lang='lat' dir='ltr'>inquit,</span> 
     </span>
     <span class='ocr_line' id='line_1_31' title="bbox 238 2253 1915 2311; baseline 0.001 -13"><span class='ocrx_word' id='word_1_239' title='bbox 238 2268 379 2309; x_wconf 89' lang='lat' dir='ltr'>quare</span> <span class='ocrx_word' id='word_1_240' title='bbox 404 2254 529 2311; x_wconf 87' lang='lat' dir='ltr'>apud</span> <span class='ocrx_word' id='word_1_241' title='bbox 551 2256 716 2310; x_wconf 86' lang='lat' dir='ltr'>poetas</span> <span class='ocrx_word' id='word_1_242' title='bbox 741 2254 1056 2298; x_wconf 87' lang='lat' dir='ltr'>salacissimus</span> <span class='ocrx_word' id='word_1_243' title='bbox 1079 2253 1288 2311; x_wconf 90' lang='lat' dir='ltr'>Iuppiter</span> <span class='ocrx_word' id='word_1_244' title='bbox 1312 2253 1502 2298; x_wconf 84' lang='lat' dir='ltr'>desierit</span> <span class='ocrx_word' id='word_1_245' title='bbox 1521 2253 1693 2298; x_wconf 86' lang='lat' dir='ltr'>liberos</span> <span class='ocrx_word' id='word_1_246' title='bbox 1718 2254 1915 2300; x_wconf 81' lang='lat' dir='ltr'>tollere?</span> 
     </span>
     <span class='ocr_line' id='line_1_32' title="bbox 237 2312 1915 2379; baseline 0.001 -23"><span class='ocrx_word' id='word_1_247' title='bbox 237 2316 392 2357; x_wconf 91' lang='lat' dir='ltr'>utrum</span> <span class='ocrx_word' id='word_1_248' title='bbox 429 2312 759 2379; x_wconf 85' lang='lat' dir='ltr'>sexagenarius</span> <span class='ocrx_word' id='word_1_249' title='bbox 797 2313 949 2357; x_wconf 88' lang='lat' dir='ltr'>factus</span> <span class='ocrx_word' id='word_1_250' title='bbox 989 2315 1061 2357; x_wconf 91' lang='lat' dir='ltr'>est</span> <span class='ocrx_word' id='word_1_251' title='bbox 1099 2315 1147 2357; x_wconf 91' lang='lat' dir='ltr'>et</span> <span class='ocrx_word' id='word_1_252' title='bbox 1183 2312 1256 2355; x_wconf 93' lang='lat' dir='ltr'>illi</span> <span class='ocrx_word' id='word_1_253' title='bbox 1293 2312 1369 2356; x_wconf 86' lang='lat' dir='ltr'>lex</span> <span class='ocrx_word' id='word_1_254' title='bbox 1407 2313 1506 2370; x_wconf 94' lang='lat' dir='ltr'>Pap</span> <span class='ocrx_word' id='word_1_255' title='bbox 1508 2313 1556 2357; x_wconf 88' lang='lat' dir='ltr'>ia</span> <span class='ocrx_word' id='word_1_256' title='bbox 1597 2313 1790 2358; x_wconf 88' lang='lat' dir='ltr'>fibulam</span> <span class='ocrx_word' id='word_1_257' title='bbox 1827 2313 1915 2357; x_wconf 89' lang='lat' dir='ltr'>im·</span> 
     </span>
     <span class='ocr_line' id='line_1_33' title="bbox 236 2371 1914 2438; baseline -0.001 -22"><span class='ocrx_word' id='word_1_258' title='bbox 236 2372 422 2438; x_wconf 75' lang='lat' dir='ltr'>posuit?</span> <span class='ocrx_word' id='word_1_259' title='bbox 477 2386 537 2415; x_wconf 92' lang='lat' dir='ltr'>an</span> <span class='ocrx_word' id='word_1_260' title='bbox 574 2371 847 2428; x_wconf 88' lang='lat' dir='ltr'>impetrauit</span> <span class='ocrx_word' id='word_1_261' title='bbox 884 2371 957 2416; x_wconf 93' lang='lat' dir='ltr'>ius</span> <span class='ocrx_word' id='word_1_262' title='bbox 996 2371 1139 2416; x_wconf 91' lang='lat' dir='ltr'>trium</span> <span class='ocrx_word' id='word_1_263' title='bbox 1175 2371 1456 2438; x_wconf 79' lang='lat' dir='ltr'>liberorum?</span> <span class='ocrx_word' id='word_1_264' title='bbox 1511 2386 1572 2416; x_wconf 88' lang='lat' dir='ltr'>an</span> <span class='ocrx_word' id='word_1_265' title='bbox 1610 2373 1803 2417; x_wconf 89' lang='lat' dir='ltr'>tandem</span> <span class='ocrx_word' id='word_1_266' title='bbox 1840 2372 1914 2416; x_wconf 87' lang='lat' dir='ltr'>illi</span> 
     </span>
     <span class='ocr_line' id='line_1_34' title="bbox 238 2430 1913 2497; baseline 0.001 -23"><span class='ocrx_word' id='word_1_267' title='bbox 238 2430 369 2475; x_wconf 88' lang='lat' dir='ltr'>uenit</span> <span class='ocrx_word' id='word_1_268' title='bbox 397 2431 448 2475; x_wconf 93' lang='lat' dir='ltr'>in</span> <span class='ocrx_word' id='word_1_269' title='bbox 477 2434 681 2475; x_wconf 84' lang='lat' dir='ltr'>mentem</span> <span class='ocrx_word' id='word_1_270' title='bbox 713 2431 893 2497; x_wconf 88' lang='lat' dir='ltr'>[LXIX]</span> <span class='ocrx_word' id='word_1_271' title='bbox 926 2434 974 2475; x_wconf 92' lang='lat' dir='ltr'>et</span> <span class='ocrx_word' id='word_1_272' title='bbox 1003 2431 1140 2475; x_wconf 86' lang='lat' dir='ltr'>timet</span> <span class='ocrx_word' id='word_1_273' title='bbox 1168 2444 1227 2475; x_wconf 92' lang='lat' dir='ltr'>ne</span> <span class='ocrx_word' id='word_1_274' title='bbox 1250 2430 1354 2486; x_wconf 90' lang='lat' dir='ltr'>quis</span> <span class='ocrx_word' id='word_1_275' title='bbox 1380 2430 1471 2474; x_wconf 90' lang='lat' dir='ltr'>sibi</span> <span class='ocrx_word' id='word_1_276' title='bbox 1495 2431 1642 2476; x_wconf 88' lang='lat' dir='ltr'>faciat</span> <span class='ocrx_word' id='word_1_277' title='bbox 1665 2431 1826 2487; x_wconf 94' lang='lat' dir='ltr'>quod</span> <span class='ocrx_word' id='word_1_278' title='bbox 1813 2445 1913 2488; x_wconf 91' lang='lat' dir='ltr'>1pse</span> 
     </span>
     <span class='ocr_line' id='line_1_35' title="bbox 239 2489 1914 2547; baseline 0.001 -14"><span class='ocrx_word' id='word_1_279' title='bbox 239 2489 484 2535; x_wconf 58' lang='lat' dir='ltr'>Saturno?</span> <span class='ocrx_word' id='word_1_280' title='bbox 548 2489 648 2534; x_wconf 92' lang='lat' dir='ltr'>Ael.</span> <span class='ocrx_word' id='word_1_281' title='bbox 681 2489 974 2547; x_wconf 86' lang='lat' dir='ltr'>Lampridius</span> <span class='ocrx_word' id='word_1_282' title='bbox 1015 2490 1072 2534; x_wconf 92' lang='lat' dir='ltr'>de</span> <span class='ocrx_word' id='word_1_283' title='bbox 1107 2489 1374 2534; x_wconf 85' lang='lat' dir='ltr'>Alexandro</span> <span class='ocrx_word' id='word_1_284' title='bbox 1415 2490 1583 2535; x_wconf 86' lang='lat' dir='ltr'>Severo</span> <span class='ocrx_word' id='word_1_285' title='bbox 1624 2496 1677 2535; x_wconf 88' lang='lat'>51</span> <span class='ocrx_word' id='word_1_286' title='bbox 1722 2491 1914 2534; x_wconf 83' lang='lat' dir='ltr'>‘·clama</span> 
     </span>
     <span class='ocr_line' id='line_1_36' title="bbox 237 2548 1912 2606; baseline 0.001 -15"><span class='ocrx_word' id='word_1_287' title='bbox 237 2549 411 2604; x_wconf 88' lang='lat' dir='ltr'>batque</span> <span class='ocrx_word' id='word_1_288' title='bbox 444 2548 628 2606; x_wconf 86' lang='lat' dir='ltr'>saepius</span> <span class='ocrx_word' id='word_1_289' title='bbox 660 2549 785 2604; x_wconf 93' lang='lat' dir='ltr'>quod</span> <span class='ocrx_word' id='word_1_290' title='bbox 809 2563 837 2593; x_wconf 93' lang='lat' dir='ltr'>a</span> <span class='ocrx_word' id='word_1_291' title='bbox 861 2549 1143 2605; x_wconf 89' lang='lat' dir='ltr'>quibusdam</span> <span class='ocrx_word' id='word_1_292' title='bbox 1174 2548 1272 2593; x_wconf 88' lang='lat' dir='ltr'>siue</span> <span class='ocrx_word' id='word_1_293' title='bbox 1300 2549 1485 2592; x_wconf 91' lang='lat' dir='ltr'>Iudaeis</span> <span class='ocrx_word' id='word_1_294' title='bbox 1512 2549 1610 2593; x_wconf 89' lang='lat' dir='ltr'>siue</span> <span class='ocrx_word' id='word_1_295' title='bbox 1635 2549 1912 2594; x_wconf 85' lang='lat' dir='ltr'>Christianis</span> 
     </span>
     <span class='ocr_line' id='line_1_37' title="bbox 240 2607 1913 2666; baseline 0.001 -16"><span class='ocrx_word' id='word_1_296' title='bbox 240 2607 453 2651; x_wconf 89' lang='lat' dir='ltr'>audierat</span> <span class='ocrx_word' id='word_1_297' title='bbox 483 2610 531 2652; x_wconf 94' lang='lat' dir='ltr'>et</span> <span class='ocrx_word' id='word_1_298' title='bbox 561 2608 767 2664; x_wconf 89' lang='lat' dir='ltr'>tenebat,</span> <span class='ocrx_word' id='word_1_299' title='bbox 799 2608 940 2664; x_wconf 91' lang='lat' dir='ltr'>idque</span> <span class='ocrx_word' id='word_1_300' title='bbox 970 2622 1053 2666; x_wconf 90' lang='lat' dir='ltr'>per</span> <span class='ocrx_word' id='word_1_301' title='bbox 1081 2621 1370 2665; x_wconf 90' lang='lat' dir='ltr'>praeconem,</span> <span class='ocrx_word' id='word_1_302' title='bbox 1404 2623 1508 2652; x_wconf 92' lang='lat' dir='ltr'>cum</span> <span class='ocrx_word' id='word_1_303' title='bbox 1532 2608 1735 2664; x_wconf 90' lang='lat' dir='ltr'>aliquem</span> <span class='ocrx_word' id='word_1_304' title='bbox 1759 2622 1913 2652; x_wconf 92' lang='lat' dir='ltr'>emen-</span> 
     </span>
    </p>
   </div>
   <div class='ocr_carea' id='block_1_12' title="bbox 143 2666 1911 2724">
    <p class='ocr_par' dir='ltr' id='par_1_12' title="bbox 143 2666 1911 2724">
     <span class='ocr_line' id='line_1_38' title="bbox 143 2666 1911 2724; baseline 0.001 -16"><span class='ocrx_word' id='word_1_305' title='bbox 143 2679 147 2682; x_wconf 83' lang='lat'>·</span> <span class='ocrx_word' id='word_1_306' title='bbox 239 2666 384 2723; x_wconf 89' lang='lat' dir='ltr'>daret,</span> <span class='ocrx_word' id='word_1_307' title='bbox 418 2666 511 2711; x_wconf 91' lang='lat' dir='ltr'>dici</span> <span class='ocrx_word' id='word_1_308' title='bbox 541 2667 755 2713; x_wconf 88' lang='lat' dir='ltr'>iubebat:</span> <span class='ocrx_word' id='word_1_309' title='bbox 804 2668 951 2723; x_wconf 92' lang='lat' dir='ltr'>quod</span> <span class='ocrx_word' id='word_1_310' title='bbox 995 2666 1107 2712; x_wconf 89' lang='lat' dir='ltr'>tibi</span> <span class='ocrx_word' id='word_1_311' title='bbox 1153 2666 1288 2711; x_wconf 90' lang='lat' dir='ltr'>fieri</span> <span class='ocrx_word' id='word_1_312' title='bbox 1324 2681 1433 2711; x_wconf 93' lang='lat' dir='ltr'>non</span> <span class='ocrx_word' id='word_1_313' title='bbox 1477 2667 1585 2724; x_wconf 89' lang='lat' dir='ltr'>uis,</span> <span class='ocrx_word' id='word_1_314' title='bbox 1635 2667 1806 2711; x_wconf 91' lang='lat' dir='ltr'>alteri</span> <span class='ocrx_word' id='word_1_315' title='bbox 1845 2681 1911 2711; x_wconf 95' lang='lat' dir='ltr'>ne</span> 
     </span>
    </p>
   </div>
   <div class='ocr_carea' id='block_1_13' title="bbox 236 2724 1914 3005">
    <p class='ocr_par' dir='ltr' id='par_1_13' title="bbox 236 2724 1914 3005">
     <span class='ocr_line' id='line_1_39' title="bbox 238 2724 1914 2783; baseline 0.002 -16"><span class='ocrx_word' id='word_1_316' title='bbox 238 2724 460 2770; x_wconf 88' lang='lat' dir='ltr'>feceris.</span> <span class='ocrx_word' id='word_1_317' title='bbox 524 2726 673 2779; x_wconf 79' lang='lat' dir='ltr'>Quam</span> <span class='ocrx_word' id='word_1_318' title='bbox 703 2726 985 2770; x_wconf 88' lang='lat' dir='ltr'>sententiam</span> <span class='ocrx_word' id='word_1_319' title='bbox 1015 2740 1160 2782; x_wconf 90' lang='lat' dir='ltr'>usque</span> <span class='ocrx_word' id='word_1_320' title='bbox 1199 2726 1316 2770; x_wconf 93' lang='lat' dir='ltr'>adeo</span> <span class='ocrx_word' id='word_1_321' title='bbox 1357 2725 1541 2783; x_wconf 84' lang='lat' dir='ltr'>dilexit,</span> <span class='ocrx_word' id='word_1_322' title='bbox 1582 2729 1636 2770; x_wconf 89' lang='lat' dir='ltr'>ut</span> <span class='ocrx_word' id='word_1_323' title='bbox 1667 2729 1714 2770; x_wconf 91' lang='lat' dir='ltr'>et</span> <span class='ocrx_word' id='word_1_324' title='bbox 1744 2726 1793 2770; x_wconf 94' lang='lat' dir='ltr'>in</span> <span class='ocrx_word' id='word_1_325' title='bbox 1824 2725 1914 2770; x_wconf 87' lang='lat' dir='ltr'>Pa-</span> 
     </span>
     <span class='ocr_line' id='line_1_40' title="bbox 238 2782 1909 2842; baseline 0.001 -16"><span class='ocrx_word' id='word_1_326' title='bbox 238 2782 354 2827; x_wconf 90' lang='lat' dir='ltr'>latio</span> <span class='ocrx_word' id='word_1_327' title='bbox 386 2786 433 2828; x_wconf 89' lang='lat' dir='ltr'>et</span> <span class='ocrx_word' id='word_1_328' title='bbox 462 2784 512 2828; x_wconf 91' lang='lat' dir='ltr'>in</span> <span class='ocrx_word' id='word_1_329' title='bbox 542 2784 743 2841; x_wconf 90' lang='lat' dir='ltr'>publicis</span> <span class='ocrx_word' id='word_1_330' title='bbox 776 2785 991 2842; x_wconf 89' lang='lat' dir='ltr'>operibus</span> <span class='ocrx_word' id='word_1_331' title='bbox 1022 2785 1278 2842; x_wconf 85' lang='lat' dir='ltr'>praescribi</span> <span class='ocrx_word' id='word_1_332' title='bbox 1303 2784 1517 2830; x_wconf 58' lang='lat' dir='ltr'>iuberet?</span> <span class='ocrx_word' id='word_1_333' title='bbox 1551 2785 1739 2829; x_wconf 90' lang='lat' dir='ltr'>An.thol</span> <span class='ocrx_word' id='word_1_334' title='bbox 1765 2799 1909 2842; x_wconf 82' lang='lat' dir='ltr'>epigr.</span> 
     </span>
     <span class='ocr_line' id='line_1_41' title="bbox 238 2841 1909 2901; baseline 0.002 -17"><span class='ocrx_word' id='word_1_335' title='bbox 238 2841 320 2887; x_wconf 89' lang='lat' dir='ltr'>lat.</span> <span class='ocrx_word' id='word_1_336' title='bbox 349 2847 444 2899; x_wconf 89' lang='lat'>192,</span> <span class='ocrx_word' id='word_1_337' title='bbox 471 2848 496 2886; x_wconf 88' lang='lat'><strong>3</strong></span> <span class='ocrx_word' id='word_1_338' title='bbox 525 2843 575 2887; x_wconf 90' lang='lat' dir='ltr'>B.</span> <span class='ocrx_word' id='word_1_339' title='bbox 612 2844 707 2887; x_wconf 85' lang='lat' dir='ltr'>‘ab</span> <span class='ocrx_word' id='word_1_340' title='bbox 741 2844 855 2888; x_wconf 90' lang='lat' dir='ltr'>alio</span> <span class='ocrx_word' id='word_1_341' title='bbox 888 2858 1100 2901; x_wconf 90' lang='lat' dir='ltr'>speres,</span> <span class='ocrx_word' id='word_1_342' title='bbox 1133 2844 1315 2888; x_wconf 90' lang='lat' dir='ltr'>altero</span> <span class='ocrx_word' id='word_1_343' title='bbox 1347 2845 1497 2899; x_wconf 92' lang='lat' dir='ltr'>quod</span> <span class='ocrx_word' id='word_1_344' title='bbox 1527 2844 1577 2888; x_wconf 88' lang='lat' dir='ltr'>f.’</span> <span class='ocrx_word' id='word_1_345' title='bbox 1618 2844 1688 2887; x_wconf 86' lang='lat' dir='ltr'>Ex</span> <span class='ocrx_word' id='word_1_346' title='bbox 1718 2844 1909 2888; x_wconf 89' lang='lat' dir='ltr'>Iudaica</span> 
     </span>
     <span class='ocr_line' id='line_1_42' title="bbox 239 2900 1910 2960; baseline 0.002 -18"><span class='ocrx_word' id='word_1_347' title='bbox 239 2900 470 2956; x_wconf 86' lang='lat' dir='ltr'>sapientia</span> <span class='ocrx_word' id='word_1_348' title='bbox 512 2902 793 2946; x_wconf 88' lang='lat' dir='ltr'>sententiam</span> <span class='ocrx_word' id='word_1_349' title='bbox 822 2903 993 2959; x_wconf 88' lang='lat' dir='ltr'>repetit</span> <span class='ocrx_word' id='word_1_350' title='bbox 1023 2904 1120 2948; x_wconf 89' lang='lat' dir='ltr'>Jac.</span> <span class='ocrx_word' id='word_1_351' title='bbox 1152 2903 1357 2960; x_wconf 82' lang='lat' dir='ltr'>Bernays</span> <span class='ocrx_word' id='word_1_352' title='bbox 1391 2917 1462 2960; x_wconf 90' lang='lat' dir='ltr'>op.</span> <span class='ocrx_word' id='word_1_353' title='bbox 1486 2903 1508 2947; x_wconf 96' lang='lat' dir='ltr'>I</span> <span class='ocrx_word' id='word_1_354' title='bbox 1534 2907 1620 2947; x_wconf 87' lang='lat'>274</span> <span class='ocrx_word' id='word_1_355' title='bbox 1653 2918 1771 2960; x_wconf 59' lang='lat' dir='ltr'>sqq„</span> <span class='ocrx_word' id='word_1_356' title='bbox 1806 2903 1910 2960; x_wconf 81' lang='lat' dir='ltr'>Syri</span> 
     </span>
     <span class='ocr_line' id='line_1_43' title="bbox 236 2972 546 3005; baseline 0.006 -3"><span class='ocrx_word' id='word_1_357' title='bbox 236 2972 331 3002; x_wconf 92' lang='lat' dir='ltr'>non</span> <span class='ocrx_word' id='word_1_358' title='bbox 361 2973 546 3005; x_wconf 92' lang='lat' dir='ltr'>memor.</span> 
     </span>
    </p>
   </div>
  </div>
 </body>
</html>
