2060 3140
234 138 343 191 354
771 134 1036 181 DEGIMVs
1066 135 1360 181 LABERrvs

353 269 531 314 Gellius
569 267 611 311 X
652 272 705 311 17
748 266 1088 312 ‘Democritum
1131 267 1463 324 philosophum
1503 268 1554 312 in
1595 270 1907 314 monumentis

232 328 457 373 historiae
490 327 692 372 Graecae
732 326 955 392 scriptum
993 328 1084 383 est,
1123 326 1276 370 uirum
1311 329 1498 383 praeter
1531 327 1650 371 alios
1680 342 1904 372 ueneran-

234 389 345 432 dum
384 385 756 451 auctoritateque
797 384 993 451 antiqua
1036 385 1322 441 praeditum,
1367 385 1622 430 luminibus
1668 386 1907 431 oculorum

234 460 319 490 sua
349 447 513 502 sponte
545 457 594 487 se
623 443 847 511 priuasse‚
877 443 990 510 quia
1019 444 1310 488 existimaret
1339 444 1648 502 cogitationes
1676 459 1903 490 commen-

233 505 529 559 tationesque
579 502 722 546 animi
769 502 841 545 sui
889 502 940 545 in
986 502 1356 559 contemplandis
1405 506 1601 547 naturae
1646 504 1907 549 rationibus

234 563 494 620 uegetiores
526 563 574 605 et
605 561 861 605 exactiores
892 562 1003 617 fore,
1041 561 1081 605 si
1112 575 1191 605 eas
1221 561 1415 606 uidendi
1444 562 1691 606 inlecebris
1722 566 1770 607 et
1800 578 1906 608 ocu-

232 623 383 666 lorum
431 619 775 686 impedimentis
825 620 1083 665 liberasset.
1159 621 1213 664 Id
1257 620 1435 664 factum
1483 621 1581 665 eius
1627 622 1908 678 modumque

233 681 406 738 ipsum,
446 693 538 735 quo
579 678 856 745 caecitatem
892 678 1032 723 facile
1071 678 1281 723 sollertia
1319 679 1626 724 subtilissima
1664 681 1907 737 consciuit,

232 738 455 783 Laberius
486 739 628 795 poeta
657 736 707 780 in
737 737 901 795 mimo,
938 752 1076 804 quem
1107 738 1292 795 scripsit
1321 739 1687 796 Restionem,'
1722 740 1906 798 (resti-

232 798 465 854 tionem,
519 796 796 853 rectione,
850 796 1155 841 rectiorem
1199 797 1354 854 codd„
1409 798 1607 842 correxit
1652 798 1906 856 Fruterius)

236 856 464 901 ‘uersibus
489 855 679 912 quidem
706 833 819 899 satis
850 856 1021 900 munde
1054 857 1194 912 atque
1225 834 1447 914 graphice
1477 856 1614 901 factis
1648 857 1906 914 descripsit,

233 917 316 960 sed
357 929 545 960 causam
587 914 882 959 uoluntariae
921 915 1163 959 caecitatis
1202 915 1337 959 finxit
1375 915 1538 972 aliam,
1587 916 1821 972 uertitque
1858 916 1908 960 in

234 989 337 1020 eam
373 988 491 1030 rem,
539 987 679 1029 quam
720 976 822 1017 tum
866 975 1058 1030 agebat,
1106 988 1200 1018 11011
1241 974 1590 1020 inconcinniter.
1661 976 1746 1019 Est
1783 975 1908 1019 enim

231 1048 494 1091 persona,
535 1046 655 1088 quae
685 1033 773 1076 1100
805 1035 921 1089 aput
950 1033 1200 1077 Laberium
1230 1033 1365 1090 dicit,
1407 1033 1611 1078 diuitis
1653 1034 1812 1078 auari
1852 1037 1908 1078 et

231 1092 411 1150 parci,
453 1094 733 1148 sumptum
769 1091 1073 1147 plurimum
1109 1091 1482 1148 asotiamque’
1517 1093 1591 1149 (cf.
1623 1093 1906 1137 Ritschelius

235 1166 390 1208 opusc.
415 1151 458 1194 H
482 1153 585 1207 397)
617 1149 1028 1194 ‘adulescentis
1059 1150 1196 1193 uiri’
1223 1150 1381 1207 (immo
1413 1150 1532 1194 filii
1565 1154 1662 1195 aut
1693 1166 1906 1208 severe5

232 1209 429 1253 uiuide
452 1208 666 1266 Bothius)
693 1208 1087 1265 ‘deplorantis
1120 1209 1291 1253 Versus
1315 1209 1564 1254 Laberiani
1588 1211 1907 1255 3111113.Βοωο-

233 1268 394 1313 critus’
430 1282 467 1312 e.
493 1283 536 1323 q.
563 1282 596 1311 s.
658 1266 838 1311 Nonius
872 1272 971 1323 106,
1004 1272 1059 1311 20
1103 1267 1482 1325 (011101110310,
1523 1268 1700 1313 dictum
1731 1283 1760 1313 a
1788 1269 1905 1314 luce.

231 1324 454 1372 Laberius
495 1327 568 1385 [77
595 1330 650 1382 sq
654 1327 717 1385 .].'
783 1326 847 1370 Cf.
884 1326 1129 1370 Menandri
1167 1326 1221 1371 fr
1249 1333 1302 1371 83
1334 1327 1396 1372 Μ.
1435 1329 1611 1384 τυφλὸν
1649 1328 1672 1372 ὁ
1711 1330 1909 1381 πλοῦτος

231 1388 312 1431 καὶ
340 1387 542 1443 τυφλους
576 1386 696 1437 Τους
728 1383 1038 1445 ἐμβλέποντας
1069 1386 1134 1437 εἰς
1165 1386 1333 1431 ἑαυτὸν
1364 1387 1581 1432 δεικνύει.

351 1479 464 1517 1-8
495 1475 740 1530 Disposuit
770 1475 848 1518 hos
877 1488 1029 1519 versus
1061 1474 1304 1519 Fruterius
1335 1476 1473 1520 Veris
1498 1476 1562 1519 II
1579 1481 1633 1519 13
1741 1480 1766 1519 6
1799 1477 1906 1535 ego]

231 1533 298 1577 ito
330 1534 479 1579 Nonii
514 1550 547 1576 ω
587 1532 681 1576 cito
719 1539 819 1577 vett.
851 1534 949 1578 edd.
1069 1532 1272 1590 fulgenti
1305 1534 1445 1579 Gellii
1477 1543 1514 1588 ψ
1548 1540 1731 1591 praeter
1770 1536 1907 1590 7033,

231 1593 380 1638 Nonii
407 1602 446 1648 ψ
471 1598 653 1648 praeter
684 1592 734 1636 E
747 1593 811 1636 W
909 1591 1203 1648 splendorem
1229 1593 1368 1637 Gellii
1397 1595 1463 1638 ed.
1491 1595 1626 1638 Torn.
1661 1593 1906 1650 splendore

230 1651 280 1695 in
307 1652 445 1696 Gellii
467 1668 501 1694 ω
534 1650 779 1707 splendore
802 1652 951 1696 Nonii
974 1669 1008 1694 ω
1114 1651 1314 1707 pecunia
1342 1652 1480 1696 Gellii
1511 1654 1632 1697 Voss.
1741 1657 1764 1696 7
1796 1653 1905 1697 11010

231 1710 490 1755 elucificare
513 1711 698 1755 Nonius
727 1709 832 1754 uelo
864 1709 1017 1766 (euolo
1043 1711 1183 1767 Voss.)
1213 1710 1447 1755 lucificare
1474 1711 1614 1756 Gellii
1633 1721 1672 1767 ψ
1779 1714 1904 1756 aeta-

229 1769 291 1815 tis
323 1769 507 1814 Nonius
626 1772 652 1812 8
683 1782 742 1813 ne
774 1783 855 1814 om.
882 1769 1031 1827 Luyd.
1144 1769 1332 1814 uideam
1363 1784 1461 1814 esse
1492 1770 1631 1816 Gellii
1658 1780 1697 1827 ψ
1722 1778 1908 1827 praeter

238 1829 358 1874 Voss.

229 2006 669 2060 talabarriunculi
1042 1938 1094 1985 Π

347 2107 525 2152 Gellius
556 2107 664 2152 XVI
701 2112 741 2164 7,
773 2112 799 2151 6
842 2107 1092 2162 ‘Laberius
1134 2141 1143 2152 .
1172 2144 1180 2152 .
1208 2144 1217 2152 .
1257 2107 1372 2151 item
1409 2107 1458 2151 in
1496 2108 1717 2153 Restione
1755 2109 1904 2153 tala-

228 2166 629 2211 barriunculos
674 2166 809 2222 dicit,
857 2181 972 2222 quos
1012 2166 1181 2223 uulgus
1225 2166 1598 2211 talabarriones’
1663 2167 1755 2224 (Sic
1793 2167 1904 2211 libri

231 2239 403 2282 omnes,
435 2225 973 2269 calabarriunculos
1004 2225 1160 2282 vulgo.
1215 2225 1340 2269 Num
1371 2225 1904 2271 caballariunculos

230 2299 292 2329 an
343 2284 868 2329 tabellariunculos
915 2287 969 2329 ut
1013 2284 1310 2342 Falsterus?)
1379 2284 1444 2329 Cf.
1489 2285 1628 2342 gloss.
1665 2285 1814 2330 Vatic.
1855 2286 1905 2329 in

230 2345 282 2388 A.
307 2343 406 2387 Mai
445 2346 564 2388 auct.
599 2343 733 2388 01333.
760 2343 869 2388 VIII
900 2348 986 2387 590
1029 2343 1427 2400 ‘tabelliones‚
1468 2344 1676 2398 aleones„
1706 2345 1903 2388 taber-

229 2402 321 2446 nio
331 2418 363 2445 11
372 2416 396 2446 0
406 2417 426 2446 3
437 2436 450 2458 ,
480 2403 705 2447 tabernae
736 2403 1020 2447 sectatores.'

880 2600 1258 2650 SALINATOR

143 2711 198 2750 80
228 2697 352 2752 Non
390 2716 704 2770 mammosa,
748 2700 858 2752 11611
897 2718 1118 2770 annosa,
1164 2701 1272 2752 11611
1310 2699 1520 2770 bibosa,
1562 2700 1670 2752 11611
1706 2718 1903 2769 procax

348 2812 524 2857 Gellius
548 2814 613 2857 III
639 2819 707 2870 12,
733 2818 760 2857 4
787 2814 1065 2859 ‘bibosum
1096 2814 1274 2858 dictum
1299 2815 1506 2858 nondum
1533 2814 1675 2859 etiam
1706 2829 1902 2870 usquam

231 2872 431 2928 repperi,
469 2872 561 2915 nisi
594 2874 718 2929 apud
748 2873 1017 2929 Laberium3
1055 2887 1206 2929 neque
1239 2873 1368 2917 aliud
1399 2876 1470 2917 est
1500 2874 1625 2929 quod
1657 2873 1797 2916 simili
1831 2873 1899 2916 in-

233 2929 408 2973 clinatu
441 2930 635 2977 dicatur.
696 2932 803 2976 Non
834 2932 958 2976 enim
989 2932 1139 2976 simile
1172 2935 1243 2976 est
1280 2935 1333 2976 ut
1362 2932 1552 2976 uinosus
1585 2935 1666 2976 aut
1703 2932 1900 2976 uitiosus
