<?xml version="1.0" encoding="UTF-8"?>
<!DOCTYPE html PUBLIC "-//W3C//DTD XHTML 1.0 Transitional//EN"
    "http://www.w3.org/TR/xhtml1/DTD/xhtml1-transitional.dtd">
<html xmlns="http://www.w3.org/1999/xhtml" xml:lang="en" lang="en">
 <head>
  <title>
</title>
<meta http-equiv="Content-Type" content="text/html;charset=utf-8" />
  <meta name='ocr-system' content='tesseract 3.04.00' />
  <meta name='ocr-capabilities' content='ocr_page ocr_carea ocr_par ocr_line ocrx_word'/>
</head>
<body>
  <div class='ocr_page' id='page_1' title='image "./scaenicaeromanor02ribbuoft_0273.png"; bbox 0 0 2060 3140; ppageno 0'>
   <div class='ocr_carea' id='block_1_1' title="bbox 796 107 1824 160">
    <p class='ocr_par' dir='ltr' id='par_1_1' title="bbox 796 107 1824 160">
     <span class='ocr_line' id='line_1_1' title="bbox 796 107 1824 160; baseline 0.007 -7"><span class='ocrx_word' id='word_1_1' title='bbox 796 109 846 154; x_wconf 92' lang='lat' dir='ltr'><strong>L.</strong></span> <span class='ocrx_word' id='word_1_2' title='bbox 874 108 1179 154; x_wconf 80' lang='lat' dir='ltr'><strong>AFRANIVS</strong></span> <span class='ocrx_word' id='word_1_3' title='bbox 1718 107 1824 160; x_wconf 82' lang='lat'><strong>261</strong></span> 
     </span>
    </p>
   </div>
   <div class='ocr_carea' id='block_1_2' title="bbox 149 249 1918 403">
    <p class='ocr_par' dir='ltr' id='par_1_2' title="bbox 149 249 1918 403">
     <span class='ocr_line' id='line_1_2' title="bbox 955 249 1026 297; baseline 0 0"><span class='ocrx_word' id='word_1_4' title='bbox 955 249 1026 297; x_wconf 91' lang='lat' dir='ltr'><strong>IX</strong></span> 
     </span>
     <span class='ocr_line' id='line_1_3' title="bbox 149 332 1918 403; baseline -0.001 -17"><span class='ocrx_word' id='word_1_5' title='bbox 149 333 418 386; x_wconf 77' lang='lat' dir='ltr'><strong>Inscribat</strong></span> <span class='ocrx_word' id='word_1_6' title='bbox 456 333 704 403; x_wconf 87' lang='lat' dir='ltr'><strong>aliquis</strong></span> <span class='ocrx_word' id='word_1_7' title='bbox 708 351 823 386; x_wconf 89' lang='lat' dir='ltr'><strong>arse</strong></span> <span class='ocrx_word' id='word_1_8' title='bbox 860 334 1032 386; x_wconf 89' lang='lat' dir='ltr'><strong>uerse&#39;</strong></span> <span class='ocrx_word' id='word_1_9' title='bbox 1071 333 1128 385; x_wconf 91' lang='lat' dir='ltr'><strong>in</strong></span> <span class='ocrx_word' id='word_1_10' title='bbox 1166 332 1318 386; x_wconf 80' lang='lat' dir='ltr'><strong>ostio.</strong></span> <span class='ocrx_word' id='word_1_11' title='bbox 1830 345 1918 385; x_wconf 86' lang='lat'><strong>415</strong></span> 
     </span>
    </p>
   </div>
   <div class='ocr_carea' id='block_1_3' title="bbox 150 431 1832 668">
    <p class='ocr_par' dir='ltr' id='par_1_3' title="bbox 150 431 1828 668">
     <span class='ocr_line' id='line_1_4' title="bbox 238 431 1828 491; baseline -0.002 -12.944"><span class='ocrx_word' id='word_1_12' title='bbox 238 434 405 478; x_wconf 87' lang='lat' dir='ltr'><strong>Pauli</strong></span> <span class='ocrx_word' id='word_1_13' title='bbox 430 434 595 478; x_wconf 87' lang='lat' dir='ltr'><strong>Festus</strong></span> <span class='ocrx_word' id='word_1_14' title='bbox 618 450 662 491; x_wconf 89' lang='lat' dir='ltr'><strong>p.</strong></span> <span class='ocrx_word' id='word_1_15' title='bbox 683 438 738 478; x_wconf 89' lang='lat'><strong>18</strong></span> <span class='ocrx_word' id='word_1_16' title='bbox 761 434 822 478; x_wconf 88' lang='lat' dir='ltr'><strong>M.</strong></span> <span class='ocrx_word' id='word_1_17' title='bbox 851 434 1165 478; x_wconf 85' lang='lat' dir='ltr'><strong>‘arseuerse</strong></span> <span class='ocrx_word' id='word_1_18' title='bbox 1197 435 1358 478; x_wconf 90' lang='lat' dir='ltr'><strong>auerte</strong></span> <span class='ocrx_word' id='word_1_19' title='bbox 1389 432 1548 490; x_wconf 83' lang='lat' dir='ltr'>ignem</span> <span class='ocrx_word' id='word_1_20' title='bbox 1578 431 1828 489; x_wconf 84' lang='lat' dir='ltr'><strong>signifieat</strong></span> 
     </span>
     <span class='ocr_line' id='line_1_5' title="bbox 151 490 1831 558; baseline -0.001 -22"><span class='ocrx_word' id='word_1_21' title='bbox 151 493 406 537; x_wconf 85' lang='lat' dir='ltr'>Tuscorum</span> <span class='ocrx_word' id='word_1_22' title='bbox 439 493 563 537; x_wconf 90' lang='lat' dir='ltr'><strong>enim</strong></span> <span class='ocrx_word' id='word_1_23' title='bbox 592 493 755 550; x_wconf 85' lang='lat' dir='ltr'><strong>lingua</strong></span> <span class='ocrx_word' id='word_1_24' title='bbox 786 506 888 537; x_wconf 89' lang='lat' dir='ltr'><strong>arse</strong></span> <span class='ocrx_word' id='word_1_25' title='bbox 914 495 1085 549; x_wconf 88' lang='lat' dir='ltr'><strong>auerte,</strong></span> <span class='ocrx_word' id='word_1_26' title='bbox 1117 506 1249 537; x_wconf 90' lang='lat' dir='ltr'><strong>uerse</strong></span> <span class='ocrx_word' id='word_1_27' title='bbox 1280 492 1439 550; x_wconf 84' lang='lat' dir='ltr'>ignem</span> <span class='ocrx_word' id='word_1_28' title='bbox 1462 493 1650 558; x_wconf 75' lang='lat' dir='ltr'><strong>constat</strong></span> <span class='ocrx_word' id='word_1_29' title='bbox 1673 490 1831 548; x_wconf 89' lang='lat' dir='ltr'><strong>appel-</strong></span> 
     </span>
     <span class='ocr_line' id='line_1_6' title="bbox 150 549 1832 607; baseline -0.001 -12"><span class='ocrx_word' id='word_1_30' title='bbox 150 552 253 596; x_wconf 87' lang='lat' dir='ltr'><strong>lari.</strong></span> <span class='ocrx_word' id='word_1_31' title='bbox 318 553 442 595; x_wconf 90' lang='lat' dir='ltr'><strong>unde</strong></span> <span class='ocrx_word' id='word_1_32' title='bbox 477 552 696 596; x_wconf 87' lang='lat' dir='ltr'><strong>Afranius</strong></span> <span class='ocrx_word' id='word_1_33' title='bbox 737 551 826 597; x_wconf 87' lang='lat' dir='ltr'><strong>ait:</strong></span> <span class='ocrx_word' id='word_1_34' title='bbox 866 551 1115 596; x_wconf 87' lang='lat' dir='ltr'><strong>inscribat’</strong></span> <span class='ocrx_word' id='word_1_35' title='bbox 1151 565 1188 598; x_wconf 89' lang='lat' dir='ltr'><strong>e.</strong></span> <span class='ocrx_word' id='word_1_36' title='bbox 1214 567 1256 607; x_wconf 91' lang='lat' dir='ltr'><strong>q</strong></span> <span class='ocrx_word' id='word_1_37' title='bbox 1284 567 1318 597; x_wconf 90' lang='lat' dir='ltr'><strong>s</strong></span> <span class='ocrx_word' id='word_1_38' title='bbox 1379 549 1598 595; x_wconf 83' lang='lat' dir='ltr'><strong>Placidus</strong></span> <span class='ocrx_word' id='word_1_39' title='bbox 1636 549 1687 594; x_wconf 89' lang='lat' dir='ltr'><strong>in</strong></span> <span class='ocrx_word' id='word_1_40' title='bbox 1725 549 1832 595; x_wconf 82' lang='lat' dir='ltr'><strong>CGl.</strong></span> 
     </span>
     <span class='ocr_line' id='line_1_7' title="bbox 152 608 1754 668; baseline -0.001 -13"><span class='ocrx_word' id='word_1_41' title='bbox 152 611 195 655; x_wconf 92' lang='lat' dir='ltr'>V</span> <span class='ocrx_word' id='word_1_42' title='bbox 223 616 247 655; x_wconf 84' lang='lat'><strong>7</strong></span> <span class='ocrx_word' id='word_1_43' title='bbox 283 611 334 655; x_wconf 86' lang='lat' dir='ltr'><strong>G.</strong></span> <span class='ocrx_word' id='word_1_44' title='bbox 371 613 686 655; x_wconf 80' lang='lat' dir='ltr'><strong>‘arseuerse</strong></span> <span class='ocrx_word' id='word_1_45' title='bbox 716 611 1047 668; x_wconf 89' lang='lat' dir='ltr'><strong>prouerbium.’</strong></span> <span class='ocrx_word' id='word_1_46' title='bbox 1108 611 1178 655; x_wconf 92' lang='lat' dir='ltr'><strong>De</strong></span> <span class='ocrx_word' id='word_1_47' title='bbox 1207 610 1427 655; x_wconf 73' lang='lat' dir='ltr'><strong>incendio</strong></span> <span class='ocrx_word' id='word_1_48' title='bbox 1460 608 1754 667; x_wconf 71' lang='lat' dir='ltr'><strong>cogitaveris.</strong></span> 
     </span>
    </p>
   </div>
   <div class='ocr_carea' id='block_1_4' title="bbox 152 698 1838 815">
    <p class='ocr_par' dir='ltr' id='par_1_4' title="bbox 152 698 1838 815">
     <span class='ocr_line' id='line_1_8' title="bbox 276 698 1838 758; baseline 0.001 -16"><span class='ocrx_word' id='word_1_49' title='bbox 276 713 515 743; x_wconf 89' lang='lat' dir='ltr'><strong>arseuorse</strong></span> <span class='ocrx_word' id='word_1_50' title='bbox 542 699 593 742; x_wconf 94' lang='lat' dir='ltr'><strong>in</strong></span> <span class='ocrx_word' id='word_1_51' title='bbox 617 699 738 743; x_wconf 90' lang='lat' dir='ltr'><strong>ostio</strong></span> <span class='ocrx_word' id='word_1_52' title='bbox 763 700 966 758; x_wconf 75' lang='lat' dir='ltr'><strong>Scaliqer</strong></span> <span class='ocrx_word' id='word_1_53' title='bbox 988 699 1038 743; x_wconf 91' lang='lat' dir='ltr'><strong>in</strong></span> <span class='ocrx_word' id='word_1_54' title='bbox 1062 698 1181 743; x_wconf 91' lang='lat' dir='ltr'><strong>ostio</strong></span> <span class='ocrx_word' id='word_1_55' title='bbox 1207 713 1442 744; x_wconf 89' lang='lat' dir='ltr'><strong>arseuerse</strong></span> <span class='ocrx_word' id='word_1_56' title='bbox 1466 699 1665 744; x_wconf 81' lang='lat' dir='ltr'><strong>Paulus:</strong></span> <span class='ocrx_word' id='word_1_57' title='bbox 1690 703 1838 756; x_wconf 74' lang='lat' dir='ltr'><strong>potest</strong></span> 
     </span>
     <span class='ocr_line' id='line_1_9' title="bbox 152 759 864 815; baseline 0 -12"><span class='ocrx_word' id='word_1_58' title='bbox 152 772 242 803; x_wconf 87' lang='lat' dir='ltr'><strong>esse</strong></span> <span class='ocrx_word' id='word_1_59' title='bbox 272 759 518 815; x_wconf 73' lang='lat' dir='ltr'><strong>septenarii</strong></span> <span class='ocrx_word' id='word_1_60' title='bbox 547 761 683 803; x_wconf 87' lang='lat' dir='ltr'><strong>iamb.</strong></span> <span class='ocrx_word' id='word_1_61' title='bbox 716 761 864 803; x_wconf 80' lang='lat' dir='ltr'><strong>exitus</strong></span> 
     </span>
    </p>
   </div>
   <div class='ocr_carea' id='block_1_5' title="bbox 149 883 1834 1038">
    <p class='ocr_par' dir='ltr' id='par_1_5' title="bbox 149 883 1834 1038">
     <span class='ocr_line' id='line_1_10' title="bbox 965 883 1010 929; baseline 0 0"><span class='ocrx_word' id='word_1_62' title='bbox 965 883 1010 929; x_wconf 92' lang='lat' dir='ltr'>X</span> 
     </span>
     <span class='ocr_line' id='line_1_11' title="bbox 149 965 1834 1038; baseline 0.001 -20"><span class='ocrx_word' id='word_1_63' title='bbox 149 966 269 1038; x_wconf 85' lang='lat' dir='ltr'><strong>Ego</strong></span> <span class='ocrx_word' id='word_1_64' title='bbox 301 984 386 1018; x_wconf 94' lang='lat' dir='ltr'><strong>me</strong></span> <span class='ocrx_word' id='word_1_65' title='bbox 418 968 530 1019; x_wconf 77' lang='lat' dir='ltr'><strong>esse</strong></span> <span class='ocrx_word' id='word_1_66' title='bbox 561 966 787 1019; x_wconf 85' lang='lat' dir='ltr'><strong>stultum</strong></span> <span class='ocrx_word' id='word_1_67' title='bbox 821 966 1085 1035; x_wconf 80' lang='lat' dir='ltr'><strong>existimO,</strong></span> <span class='ocrx_word' id='word_1_68' title='bbox 1114 966 1324 1018; x_wconf 86' lang='lat' dir='ltr'><strong>fatuum</strong></span> <span class='ocrx_word' id='word_1_69' title='bbox 1353 967 1465 1018; x_wconf 76' lang='lat' dir='ltr'><strong>esse</strong></span> <span class='ocrx_word' id='word_1_70' title='bbox 1491 984 1600 1018; x_wconf 92' lang='lat' dir='ltr'><strong>non</strong></span> <span class='ocrx_word' id='word_1_71' title='bbox 1629 965 1834 1035; x_wconf 82' lang='lat' dir='ltr'><strong>opinor.</strong></span> 
     </span>
    </p>
   </div>
   <div class='ocr_carea' id='block_1_6' title="bbox 148 1065 1836 1466">
    <p class='ocr_par' dir='ltr' id='par_1_6' title="bbox 148 1065 1836 1466">
     <span class='ocr_line' id='line_1_12' title="bbox 267 1065 1833 1123; baseline 0 -13"><span class='ocrx_word' id='word_1_72' title='bbox 267 1066 473 1110; x_wconf 85' lang='lat' dir='ltr'><strong>Isidorus</strong></span> <span class='ocrx_word' id='word_1_73' title='bbox 506 1066 652 1111; x_wconf 85' lang='lat' dir='ltr'><strong>differ.</strong></span> <span class='ocrx_word' id='word_1_74' title='bbox 679 1071 766 1111; x_wconf 89' lang='grc'><strong>500</strong></span> <span class='ocrx_word' id='word_1_75' title='bbox 800 1066 1012 1122; x_wconf 87' lang='lat' dir='ltr'><strong>‘quidam</strong></span> <span class='ocrx_word' id='word_1_76' title='bbox 1041 1068 1254 1110; x_wconf 90' lang='lat' dir='ltr'><strong>ueterum</strong></span> <span class='ocrx_word' id='word_1_77' title='bbox 1291 1066 1512 1110; x_wconf 92' lang='lat' dir='ltr'><strong>fatuum</strong></span> <span class='ocrx_word' id='word_1_78' title='bbox 1546 1065 1833 1123; x_wconf 86' lang='lat' dir='ltr'><strong>existimant,</strong></span> 
     </span>
     <span class='ocr_line' id='line_1_13' title="bbox 151 1124 1834 1183; baseline -0.001 -14"><span class='ocrx_word' id='word_1_79' title='bbox 151 1125 232 1181; x_wconf 86' lang='lat' dir='ltr'><strong>qui</strong></span> <span class='ocrx_word' id='word_1_80' title='bbox 258 1139 344 1170; x_wconf 86' lang='lat' dir='ltr'><strong>nee</strong></span> <span class='ocrx_word' id='word_1_81' title='bbox 369 1126 495 1182; x_wconf 84' lang='lat' dir='ltr'><strong>quod</strong></span> <span class='ocrx_word' id='word_1_82' title='bbox 523 1126 651 1170; x_wconf 88' lang='lat' dir='ltr'><strong>fatur</strong></span> <span class='ocrx_word' id='word_1_83' title='bbox 680 1125 796 1183; x_wconf 85' lang='lat' dir='ltr'><strong>ipse,</strong></span> <span class='ocrx_word' id='word_1_84' title='bbox 826 1139 912 1169; x_wconf 89' lang='lat' dir='ltr'><strong>nec</strong></span> <span class='ocrx_word' id='word_1_85' title='bbox 944 1126 1071 1181; x_wconf 85' lang='lat' dir='ltr'><strong>quod</strong></span> <span class='ocrx_word' id='word_1_86' title='bbox 1102 1125 1185 1169; x_wconf 89' lang='lat' dir='ltr'><strong>alii</strong></span> <span class='ocrx_word' id='word_1_87' title='bbox 1217 1126 1393 1181; x_wconf 83' lang='lat' dir='ltr'><strong>dieunt,</strong></span> <span class='ocrx_word' id='word_1_88' title='bbox 1424 1124 1685 1183; x_wconf 81' lang='lat' dir='ltr'><strong>intelligat3</strong></span> <span class='ocrx_word' id='word_1_89' title='bbox 1719 1126 1834 1169; x_wconf 90' lang='lat' dir='ltr'><strong>stul-</strong></span> 
     </span>
     <span class='ocr_line' id='line_1_14' title="bbox 155 1184 1834 1242; baseline 0 -14"><span class='ocrx_word' id='word_1_90' title='bbox 155 1187 256 1228; x_wconf 89' lang='lat' dir='ltr'><strong>tum</strong></span> <span class='ocrx_word' id='word_1_91' title='bbox 286 1199 396 1229; x_wconf 90' lang='lat' dir='ltr'><strong>uero</strong></span> <span class='ocrx_word' id='word_1_92' title='bbox 428 1185 718 1230; x_wconf 73' lang='lat' dir='ltr'><strong>hebetiorem</strong></span> <span class='ocrx_word' id='word_1_93' title='bbox 748 1185 899 1229; x_wconf 86' lang='lat' dir='ltr'><strong>corde.</strong></span> <span class='ocrx_word' id='word_1_94' title='bbox 962 1185 1084 1229; x_wconf 86' lang='lat' dir='ltr'><strong>unde</strong></span> <span class='ocrx_word' id='word_1_95' title='bbox 1115 1185 1357 1231; x_wconf 89' lang='lat' dir='ltr'><strong>Afranius:</strong></span> <span class='ocrx_word' id='word_1_96' title='bbox 1391 1198 1513 1242; x_wconf 90' lang='lat' dir='ltr'><strong>ego,</strong></span> <span class='ocrx_word' id='word_1_97' title='bbox 1544 1184 1720 1241; x_wconf 91' lang='lat' dir='ltr'><strong>inquit,</strong></span> <span class='ocrx_word' id='word_1_98' title='bbox 1751 1199 1834 1229; x_wconf 91' lang='lat' dir='ltr'><strong>me</strong></span> 
     </span>
     <span class='ocr_line' id='line_1_15' title="bbox 157 1243 1836 1301; baseline 0 -14"><span class='ocrx_word' id='word_1_99' title='bbox 157 1243 396 1287; x_wconf 90' lang='lat' dir='ltr'><strong>stultum</strong></span> <span class='ocrx_word' id='word_1_100' title='bbox 435 1279 444 1288; x_wconf 87' lang='lat'><strong>.</strong></span> <span class='ocrx_word' id='word_1_101' title='bbox 472 1281 480 1289; x_wconf 93' lang='lat'><strong>.</strong></span> <span class='ocrx_word' id='word_1_102' title='bbox 509 1281 518 1289; x_wconf 95' lang='lat'><strong>.</strong></span> <span class='ocrx_word' id='word_1_103' title='bbox 560 1244 781 1301; x_wconf 89' lang='lat' dir='ltr'><strong>opinor:</strong></span> <span class='ocrx_word' id='word_1_104' title='bbox 821 1243 871 1287; x_wconf 89' lang='lat' dir='ltr'><strong>id</strong></span> <span class='ocrx_word' id='word_1_105' title='bbox 910 1246 982 1287; x_wconf 90' lang='lat' dir='ltr'><strong>est</strong></span> <span class='ocrx_word' id='word_1_106' title='bbox 1020 1243 1200 1288; x_wconf 92' lang='lat' dir='ltr'><strong>obtusis</strong></span> <span class='ocrx_word' id='word_1_107' title='bbox 1239 1244 1430 1300; x_wconf 88' lang='lat' dir='ltr'><strong>quidem</strong></span> <span class='ocrx_word' id='word_1_108' title='bbox 1470 1243 1701 1300; x_wconf 86' lang='lat' dir='ltr'><strong>sensibus,</strong></span> <span class='ocrx_word' id='word_1_109' title='bbox 1741 1258 1836 1288; x_wconf 92' lang='lat' dir='ltr'><strong>non</strong></span> 
     </span>
     <span class='ocr_line' id='line_1_16' title="bbox 149 1302 1836 1361; baseline -0.001 -14"><span class='ocrx_word' id='word_1_110' title='bbox 149 1306 309 1347; x_wconf 87' lang='lat' dir='ltr'><strong>tamen</strong></span> <span class='ocrx_word' id='word_1_111' title='bbox 345 1302 522 1348; x_wconf 91' lang='lat' dir='ltr'><strong>nullis.’</strong></span> <span class='ocrx_word' id='word_1_112' title='bbox 595 1303 719 1361; x_wconf 87' lang='lat' dir='ltr'><strong>Orig.</strong></span> <span class='ocrx_word' id='word_1_113' title='bbox 752 1303 795 1347; x_wconf 93' lang='lat' dir='ltr'>X</span> <span class='ocrx_word' id='word_1_114' title='bbox 833 1308 919 1347; x_wconf 85' lang='lat'><strong>246</strong></span> <span class='ocrx_word' id='word_1_115' title='bbox 963 1303 1206 1347; x_wconf 87' lang='lat' dir='ltr'><strong>‘stultus</strong></span> <span class='ocrx_word' id='word_1_116' title='bbox 1252 1303 1467 1347; x_wconf 88' lang='lat' dir='ltr'><strong>hebetior</strong></span> <span class='ocrx_word' id='word_1_117' title='bbox 1508 1303 1666 1359; x_wconf 86' lang='lat' dir='ltr'><strong>corde,</strong></span> <span class='ocrx_word' id='word_1_118' title='bbox 1715 1302 1836 1347; x_wconf 85' lang='lat' dir='ltr'><strong>sieut</strong></span> 
     </span>
     <span class='ocr_line' id='line_1_17' title="bbox 151 1361 1835 1419; baseline 0.001 -15"><span class='ocrx_word' id='word_1_119' title='bbox 151 1362 343 1417; x_wconf 86' lang='lat' dir='ltr'><strong>quidam</strong></span> <span class='ocrx_word' id='word_1_120' title='bbox 382 1361 472 1408; x_wconf 86' lang='lat' dir='ltr'><strong>ait:</strong></span> <span class='ocrx_word' id='word_1_121' title='bbox 512 1363 617 1418; x_wconf 89' lang='lat' dir='ltr'><strong>ego’</strong></span> <span class='ocrx_word' id='word_1_122' title='bbox 653 1376 692 1406; x_wconf 90' lang='lat' dir='ltr'><strong>e.</strong></span> <span class='ocrx_word' id='word_1_123' title='bbox 717 1377 761 1419; x_wconf 89' lang='lat' dir='ltr'><strong>q.</strong></span> <span class='ocrx_word' id='word_1_124' title='bbox 788 1377 820 1406; x_wconf 84' lang='lat' dir='ltr'><strong>S.</strong></span> <span class='ocrx_word' id='word_1_125' title='bbox 887 1362 963 1405; x_wconf 79' lang='lat' dir='ltr'><strong>‘id</strong></span> <span class='ocrx_word' id='word_1_126' title='bbox 1002 1365 1074 1406; x_wconf 91' lang='lat' dir='ltr'><strong>est</strong></span> <span class='ocrx_word' id='word_1_127' title='bbox 1113 1362 1327 1407; x_wconf 80' lang='lat' dir='ltr'><strong>obtunsis</strong></span> <span class='ocrx_word' id='word_1_128' title='bbox 1372 1362 1561 1419; x_wconf 84' lang='lat' dir='ltr'><strong>quidem</strong></span> <span class='ocrx_word' id='word_1_129' title='bbox 1608 1362 1835 1419; x_wconf 87' lang='lat' dir='ltr'><strong>sensibus,</strong></span> 
     </span>
     <span class='ocr_line' id='line_1_18' title="bbox 148 1421 639 1466; baseline 0.002 -2"><span class='ocrx_word' id='word_1_130' title='bbox 148 1435 243 1464; x_wconf 91' lang='lat' dir='ltr'><strong>non</strong></span> <span class='ocrx_word' id='word_1_131' title='bbox 273 1423 433 1465; x_wconf 91' lang='lat' dir='ltr'><strong>tamen</strong></span> <span class='ocrx_word' id='word_1_132' title='bbox 462 1421 639 1466; x_wconf 57' lang='lat' dir='ltr'><strong>nullis?</strong></span> 
     </span>
    </p>
   </div>
   <div class='ocr_carea' id='block_1_7' title="bbox 150 1511 1838 1643">
    <p class='ocr_par' dir='ltr' id='par_1_7' title="bbox 150 1511 1838 1629">
     <span class='ocr_line' id='line_1_19' title="bbox 269 1511 1838 1577; baseline 0.001 -24"><span class='ocrx_word' id='word_1_133' title='bbox 269 1523 369 1554; x_wconf 91' lang='lat' dir='ltr'><strong>esse</strong></span> <span class='ocrx_word' id='word_1_134' title='bbox 394 1511 532 1566; x_wconf 75' lang='lat' dir='ltr'><strong>prius</strong></span> <span class='ocrx_word' id='word_1_135' title='bbox 554 1524 638 1554; x_wconf 87' lang='lat' dir='ltr'><strong>om.</strong></span> <span class='ocrx_word' id='word_1_136' title='bbox 655 1511 831 1555; x_wconf 78' lang='lat' dir='ltr'><strong>Isidori</strong></span> <span class='ocrx_word' id='word_1_137' title='bbox 854 1511 969 1566; x_wconf 59' lang='lat' dir='ltr'><strong>diff„</strong></span> <span class='ocrx_word' id='word_1_138' title='bbox 1003 1511 1190 1555; x_wconf 74' lang='lat' dir='ltr'><strong>Monac.</strong></span> <span class='ocrx_word' id='word_1_139' title='bbox 1216 1512 1373 1577; x_wconf 44' lang='lat' dir='ltr'><strong>orio-(13,</strong></span> <span class='ocrx_word' id='word_1_140' title='bbox 1403 1512 1526 1555; x_wconf 82' lang='lat' dir='ltr'><strong>wnde</strong></span> <span class='ocrx_word' id='word_1_141' title='bbox 1556 1523 1643 1568; x_wconf 90' lang='lat' dir='ltr'><strong>ego</strong></span> <span class='ocrx_word' id='word_1_142' title='bbox 1666 1513 1838 1554; x_wconf 89' lang='lat' dir='ltr'><strong>memet</strong></span> 
     </span>
     <span class='ocr_line' id='line_1_20' title="bbox 150 1568 1834 1643; baseline 0.001 -30"><span class='ocrx_word' id='word_1_143' title='bbox 150 1569 413 1627; x_wconf 73' lang='lat' dir='ltr'><strong>Spenyelius</strong></span> <span class='ocrx_word' id='word_1_144' title='bbox 495 1568 719 1629; x_wconf 72' lang='lat' dir='ltr'><strong>exestimo</strong></span> <span class='ocrx_word' id='word_1_145' title='bbox 744 1570 896 1615; x_wconf 78' lang='lat' dir='ltr'><strong>Paris.</strong></span> <span class='ocrx_word' id='word_1_146' title='bbox 915 1573 1029 1614; x_wconf 80' lang='lat'>7582</span> <span class='ocrx_word' id='word_1_147' title='bbox 1053 1572 1194 1628; x_wconf 73' lang='lat' dir='ltr'><strong>oriyy.</strong></span> <span class='ocrx_word' id='word_1_148' title='bbox 1281 1569 1425 1626; x_wconf 89' lang='lat' dir='ltr'><strong>opino</strong></span> <span class='ocrx_word' id='word_1_149' title='bbox 1450 1571 1670 1626; x_wconf 75' lang='lat' dir='ltr'><strong>Wolfcmb.</strong></span> <span class='ocrx_word' id='word_1_150' title='bbox 1695 1571 1834 1643; x_wconf 63' lang='grc'><strong>01199.</strong></span> 
     </span>
    </p>
   </div>
   <div class='ocr_carea' id='block_1_8' title="bbox 151 1717 1456 1870">
    <p class='ocr_par' dir='ltr' id='par_1_8' title="bbox 151 1717 1456 1870">
     <span class='ocr_line' id='line_1_21' title="bbox 959 1717 1030 1764; baseline 0 0"><span class='ocrx_word' id='word_1_151' title='bbox 959 1717 1030 1764; x_wconf 89' lang='lat' dir='ltr'><strong>XI</strong></span> 
     </span>
     <span class='ocr_line' id='line_1_22' title="bbox 151 1799 1456 1870; baseline 0 -17"><span class='ocrx_word' id='word_1_152' title='bbox 151 1799 347 1854; x_wconf 80' lang='lat' dir='ltr'><strong>Nescio</strong></span> <span class='ocrx_word' id='word_1_153' title='bbox 389 1801 481 1870; x_wconf 92' lang='lat' dir='ltr'><strong>qui</strong></span> <span class='ocrx_word' id='word_1_154' title='bbox 519 1800 690 1853; x_wconf 87' lang='lat' dir='ltr'><strong>nostri</strong></span> <span class='ocrx_word' id='word_1_155' title='bbox 727 1799 1025 1853; x_wconf 83' lang='lat' dir='ltr'><strong>miseritust</strong></span> <span class='ocrx_word' id='word_1_156' title='bbox 1062 1801 1275 1853; x_wconf 73' lang='lat' dir='ltr'><strong>tandem</strong></span> <span class='ocrx_word' id='word_1_157' title='bbox 1316 1801 1456 1854; x_wconf 88' lang='lat' dir='ltr'><strong>deus.</strong></span> 
     </span>
    </p>
   </div>
   <div class='ocr_carea' id='block_1_9' title="bbox 147 1900 1835 2432">
    <p class='ocr_par' dir='ltr' id='par_1_9' title="bbox 147 1900 1834 2420">
     <span class='ocr_line' id='line_1_23' title="bbox 271 1900 1834 1959; baseline 0.001 -14"><span class='ocrx_word' id='word_1_158' title='bbox 271 1900 450 1945; x_wconf 83' lang='lat' dir='ltr'><strong>Gellius</strong></span> <span class='ocrx_word' id='word_1_159' title='bbox 482 1901 567 1944; x_wconf 93' lang='lat' dir='ltr'><strong>XX</strong></span> <span class='ocrx_word' id='word_1_160' title='bbox 598 1906 638 1957; x_wconf 83' lang='lat'><strong>6,</strong></span> <span class='ocrx_word' id='word_1_161' title='bbox 664 1905 690 1945; x_wconf 88' lang='grc'>5</span> <span class='ocrx_word' id='word_1_162' title='bbox 726 1901 940 1946; x_wconf 80' lang='lat' dir='ltr'><strong>‘inuenio</strong></span> <span class='ocrx_word' id='word_1_163' title='bbox 982 1938 1027 1947; x_wconf 86' lang='lat'><strong>..</strong></span> <span class='ocrx_word' id='word_1_164' title='bbox 1067 1916 1162 1946; x_wconf 91' lang='lat' dir='ltr'><strong>non</strong></span> <span class='ocrx_word' id='word_1_165' title='bbox 1203 1901 1365 1959; x_wconf 85' lang='lat' dir='ltr'><strong>paucis</strong></span> <span class='ocrx_word' id='word_1_166' title='bbox 1404 1901 1454 1945; x_wconf 93' lang='lat' dir='ltr'><strong>in</strong></span> <span class='ocrx_word' id='word_1_167' title='bbox 1491 1901 1607 1946; x_wconf 86' lang='lat' dir='ltr'><strong>loeis</strong></span> <span class='ocrx_word' id='word_1_168' title='bbox 1644 1902 1834 1946; x_wconf 90' lang='lat' dir='ltr'><strong>nostri</strong></span> 
     </span>
     <span class='ocr_line' id='line_1_24' title="bbox 151 1959 1832 2016; baseline 0.001 -12"><span class='ocrx_word' id='word_1_169' title='bbox 151 1962 294 2015; x_wconf 90' lang='lat' dir='ltr'><strong>atque</strong></span> <span class='ocrx_word' id='word_1_170' title='bbox 332 1959 479 2004; x_wconf 89' lang='lat' dir='ltr'><strong>uestri</strong></span> <span class='ocrx_word' id='word_1_171' title='bbox 515 1959 715 2016; x_wconf 84' lang='lat' dir='ltr'><strong>dictum3</strong></span> <span class='ocrx_word' id='word_1_172' title='bbox 752 1975 847 2005; x_wconf 91' lang='lat' dir='ltr'><strong>non</strong></span> <span class='ocrx_word' id='word_1_173' title='bbox 877 1963 1088 2005; x_wconf 91' lang='lat' dir='ltr'><strong>nostrum</strong></span> <span class='ocrx_word' id='word_1_174' title='bbox 1119 1964 1202 2005; x_wconf 88' lang='lat' dir='ltr'><strong>aut</strong></span> <span class='ocrx_word' id='word_1_175' title='bbox 1232 1963 1440 2005; x_wconf 91' lang='lat' dir='ltr'><strong>uestrum</strong></span> <span class='ocrx_word' id='word_1_176' title='bbox 1473 1998 1481 2005; x_wconf 91' lang='lat'><strong>.</strong></span> <span class='ocrx_word' id='word_1_177' title='bbox 1509 1997 1518 2006; x_wconf 91' lang='lat'><strong>.</strong></span> <span class='ocrx_word' id='word_1_178' title='bbox 1546 1998 1553 2006; x_wconf 95' lang='lat'><strong>.</strong></span> <span class='ocrx_word' id='word_1_179' title='bbox 1588 1960 1832 2006; x_wconf 89' lang='lat' dir='ltr'><strong>Terentius</strong></span> 
     </span>
     <span class='ocr_line' id='line_1_25' title="bbox 149 2018 1831 2099; baseline 0.001 -37"><span class='ocrx_word' id='word_1_180' title='bbox 149 2018 200 2062; x_wconf 91' lang='lat' dir='ltr'><strong>in</strong></span> <span class='ocrx_word' id='word_1_181' title='bbox 222 2018 502 2099; x_wconf 89' lang='lat' dir='ltr'><strong>Phormione</strong></span> <span class='ocrx_word' id='word_1_182' title='bbox 536 2056 544 2064; x_wconf 90' lang='lat'><strong>.</strong></span> <span class='ocrx_word' id='word_1_183' title='bbox 574 2055 584 2065; x_wconf 89' lang='lat'><strong>.</strong></span> <span class='ocrx_word' id='word_1_184' title='bbox 610 2056 619 2064; x_wconf 90' lang='lat'><strong>.</strong></span> <span class='ocrx_word' id='word_1_185' title='bbox 651 2019 801 2064; x_wconf 89' lang='lat' dir='ltr'><strong>nostri</strong></span> <span class='ocrx_word' id='word_1_186' title='bbox 831 2023 1015 2064; x_wconf 88' lang='lat' dir='ltr'><strong>nosmet</strong></span> <span class='ocrx_word' id='word_1_187' title='bbox 1043 2020 1265 2077; x_wconf 87' lang='lat' dir='ltr'><strong>paenitet</strong></span> <span class='ocrx_word' id='word_1_188' title='bbox 1321 2019 1541 2064; x_wconf 80' lang='lat' dir='ltr'><strong>Afranius</strong></span> <span class='ocrx_word' id='word_1_189' title='bbox 1564 2019 1615 2063; x_wconf 92' lang='lat' dir='ltr'><strong>in</strong></span> <span class='ocrx_word' id='word_1_190' title='bbox 1644 2022 1831 2078; x_wconf 87' lang='lat' dir='ltr'><strong>togata.</strong></span> 
     </span>
     <span class='ocr_line' id='line_1_26' title="bbox 150 2077 1835 2136; baseline 0.001 -15"><span class='ocrx_word' id='word_1_191' title='bbox 150 2077 327 2122; x_wconf 87' lang='lat' dir='ltr'><strong>neseio’</strong></span> <span class='ocrx_word' id='word_1_192' title='bbox 363 2092 401 2123; x_wconf 91' lang='lat' dir='ltr'><strong>e.</strong></span> <span class='ocrx_word' id='word_1_193' title='bbox 427 2093 470 2134; x_wconf 92' lang='lat' dir='ltr'><strong>q.</strong></span> <span class='ocrx_word' id='word_1_194' title='bbox 496 2093 530 2122; x_wconf 90' lang='lat' dir='ltr'><strong>s.</strong></span> <span class='ocrx_word' id='word_1_195' title='bbox 596 2079 663 2123; x_wconf 82' lang='lat' dir='ltr'><strong>‘et</strong></span> <span class='ocrx_word' id='word_1_196' title='bbox 692 2079 926 2123; x_wconf 82' lang='lat' dir='ltr'><strong>Laberius</strong></span> <span class='ocrx_word' id='word_1_197' title='bbox 955 2079 1006 2123; x_wconf 93' lang='lat' dir='ltr'><strong>in</strong></span> <span class='ocrx_word' id='word_1_198' title='bbox 1035 2079 1376 2136; x_wconf 80' lang='lat' dir='ltr'><strong>Necyomantia</strong></span> <span class='ocrx_word' id='word_1_199' title='bbox 1409 2115 1418 2124; x_wconf 92' lang='lat'><strong>.</strong></span> <span class='ocrx_word' id='word_1_200' title='bbox 1447 2116 1456 2124; x_wconf 88' lang='lat'><strong>.</strong></span> <span class='ocrx_word' id='word_1_201' title='bbox 1485 2116 1493 2123; x_wconf 94' lang='lat'><strong>.</strong></span> <span class='ocrx_word' id='word_1_202' title='bbox 1525 2079 1675 2126; x_wconf 85' lang='lat' dir='ltr'><strong>nostri</strong></span> <span class='ocrx_word' id='word_1_203' title='bbox 1714 2079 1835 2124; x_wconf 88' lang='lat' dir='ltr'><strong>obli-</strong></span> 
     </span>
     <span class='ocr_line' id='line_1_27' title="bbox 147 2137 1834 2196; baseline 0.001 -16"><span class='ocrx_word' id='word_1_204' title='bbox 147 2139 224 2180; x_wconf 91' lang='lat' dir='ltr'><strong>tus</strong></span> <span class='ocrx_word' id='word_1_205' title='bbox 263 2139 345 2182; x_wconf 91' lang='lat' dir='ltr'><strong>est.</strong></span> <span class='ocrx_word' id='word_1_206' title='bbox 417 2137 611 2181; x_wconf 86' lang='lat' dir='ltr'><strong>dubium</strong></span> <span class='ocrx_word' id='word_1_207' title='bbox 648 2152 805 2195; x_wconf 88' lang='lat' dir='ltr'><strong>porro,</strong></span> <span class='ocrx_word' id='word_1_208' title='bbox 852 2138 1027 2195; x_wconf 92' lang='lat' dir='ltr'><strong>inquit,</strong></span> <span class='ocrx_word' id='word_1_209' title='bbox 1074 2153 1169 2182; x_wconf 91' lang='lat' dir='ltr'><strong>non</strong></span> <span class='ocrx_word' id='word_1_210' title='bbox 1208 2141 1299 2196; x_wconf 91' lang='lat' dir='ltr'><strong>est,</strong></span> <span class='ocrx_word' id='word_1_211' title='bbox 1347 2138 1462 2194; x_wconf 86' lang='lat' dir='ltr'><strong>quin</strong></span> <span class='ocrx_word' id='word_1_212' title='bbox 1506 2138 1671 2183; x_wconf 89' lang='lat' dir='ltr'><strong>eodem</strong></span> <span class='ocrx_word' id='word_1_213' title='bbox 1713 2138 1834 2184; x_wconf 83' lang='lat' dir='ltr'><strong>haee</strong></span> 
     </span>
     <span class='ocr_line' id='line_1_28' title="bbox 148 2195 1833 2252; baseline 0.002 -13.004"><span class='ocrx_word' id='word_1_214' title='bbox 148 2195 307 2240; x_wconf 90' lang='lat' dir='ltr'><strong>omnia</strong></span> <span class='ocrx_word' id='word_1_215' title='bbox 349 2210 460 2240; x_wconf 83' lang='lat' dir='ltr'><strong>casu</strong></span> <span class='ocrx_word' id='word_1_216' title='bbox 503 2196 739 2243; x_wconf 84' lang='lat' dir='ltr'><strong>dieantur:</strong></span> <span class='ocrx_word' id='word_1_217' title='bbox 785 2198 935 2244; x_wconf 88' lang='lat' dir='ltr'><strong>nostri</strong></span> <span class='ocrx_word' id='word_1_218' title='bbox 974 2197 1149 2242; x_wconf 90' lang='lat' dir='ltr'><strong>oblitus</strong></span> <span class='ocrx_word' id='word_1_219' title='bbox 1189 2200 1280 2252; x_wconf 86' lang='lat' dir='ltr'><strong>est,</strong></span> <span class='ocrx_word' id='word_1_220' title='bbox 1328 2196 1515 2242; x_wconf 86' lang='lat' dir='ltr'><strong>nostri</strong></span> <span class='ocrx_word' id='word_1_221' title='bbox 1560 2197 1833 2251; x_wconf 79' lang='lat' dir='ltr'><strong>misertus</strong></span> 
     </span>
     <span class='ocr_line' id='line_1_29' title="bbox 152 2255 1832 2314; baseline 0.001 -16"><span class='ocrx_word' id='word_1_222' title='bbox 152 2257 258 2310; x_wconf 88' lang='lat' dir='ltr'><strong>est,</strong></span> <span class='ocrx_word' id='word_1_223' title='bbox 298 2269 390 2311; x_wconf 90' lang='lat' dir='ltr'><strong>quo</strong></span> <span class='ocrx_word' id='word_1_224' title='bbox 430 2255 602 2299; x_wconf 85' lang='lat' dir='ltr'><strong>dicitur</strong></span> <span class='ocrx_word' id='word_1_225' title='bbox 639 2255 732 2300; x_wconf 92' lang='lat' dir='ltr'><strong>mei</strong></span> <span class='ocrx_word' id='word_1_226' title='bbox 770 2257 1001 2314; x_wconf 89' lang='lat' dir='ltr'><strong>paenitet,</strong></span> <span class='ocrx_word' id='word_1_227' title='bbox 1045 2256 1137 2300; x_wconf 90' lang='lat' dir='ltr'><strong>mei</strong></span> <span class='ocrx_word' id='word_1_228' title='bbox 1174 2256 1391 2300; x_wconf 85' lang='lat' dir='ltr'><strong>misertus</strong></span> <span class='ocrx_word' id='word_1_229' title='bbox 1432 2257 1534 2302; x_wconf 89' lang='lat' dir='ltr'><strong>est.&#39;</strong></span> <span class='ocrx_word' id='word_1_230' title='bbox 1598 2256 1721 2300; x_wconf 90' lang='lat' dir='ltr'><strong>infra</strong></span> <span class='ocrx_word' id='word_1_231' title='bbox 1753 2256 1832 2302; x_wconf 90' lang='lat'><strong>11·</strong></span> 
     </span>
     <span class='ocr_line' id='line_1_30' title="bbox 155 2313 1832 2372; baseline 0.002 -16.034"><span class='ocrx_word' id='word_1_232' title='bbox 155 2315 254 2357; x_wconf 86' lang='lat' dir='ltr'><strong>‘eur</strong></span> <span class='ocrx_word' id='word_1_233' title='bbox 283 2313 430 2371; x_wconf 86' lang='lat' dir='ltr'><strong>igitur</strong></span> <span class='ocrx_word' id='word_1_234' title='bbox 453 2314 698 2359; x_wconf 87' lang='lat' dir='ltr'><strong>Terentius</strong></span> <span class='ocrx_word' id='word_1_235' title='bbox 729 2316 941 2372; x_wconf 86' lang='lat' dir='ltr'><strong>paenitet</strong></span> <span class='ocrx_word' id='word_1_236' title='bbox 969 2315 1131 2371; x_wconf 83' lang='lat' dir='ltr'><strong>nostri,</strong></span> <span class='ocrx_word' id='word_1_237' title='bbox 1162 2330 1257 2359; x_wconf 92' lang='lat' dir='ltr'><strong>non</strong></span> <span class='ocrx_word' id='word_1_238' title='bbox 1282 2318 1507 2372; x_wconf 90' lang='lat' dir='ltr'><strong>nostrum,</strong></span> <span class='ocrx_word' id='word_1_239' title='bbox 1541 2317 1589 2359; x_wconf 89' lang='lat' dir='ltr'><strong>et</strong></span> <span class='ocrx_word' id='word_1_240' title='bbox 1610 2315 1832 2359; x_wconf 88' lang='lat' dir='ltr'><strong>Afranius</strong></span> 
     </span>
     <span class='ocr_line' id='line_1_31' title="bbox 151 2372 1245 2432; baseline 0.005 -17"><span class='ocrx_word' id='word_1_241' title='bbox 151 2372 338 2417; x_wconf 88' lang='lat' dir='ltr'><strong>nostri</strong></span> <span class='ocrx_word' id='word_1_242' title='bbox 377 2372 670 2418; x_wconf 84' lang='lat' dir='ltr'><strong>miseritus</strong></span> <span class='ocrx_word' id='word_1_243' title='bbox 710 2378 815 2432; x_wconf 93' lang='lat' dir='ltr'><strong>est,</strong></span> <span class='ocrx_word' id='word_1_244' title='bbox 855 2389 949 2419; x_wconf 93' lang='lat' dir='ltr'><strong>non</strong></span> <span class='ocrx_word' id='word_1_245' title='bbox 978 2376 1245 2420; x_wconf 82' lang='lat' dir='ltr'><strong>nostium‘?&#39;</strong></span> 
     </span>
    </p>
   </div>
   <div class='ocr_carea' id='block_1_10' title="bbox 267 2460 1834 2520">
    <p class='ocr_par' dir='ltr' id='par_1_10' title="bbox 267 2460 1834 2520">
     <span class='ocr_line' id='line_1_32' title="bbox 267 2460 1834 2520; baseline 0.003 -16"><span class='ocrx_word' id='word_1_246' title='bbox 267 2460 529 2506; x_wconf 86' lang='lat' dir='ltr'><strong>miseritust</strong></span> <span class='ocrx_word' id='word_1_247' title='bbox 557 2464 721 2520; x_wconf 76' lang='lat' dir='ltr'><strong>scripsi</strong></span> <span class='ocrx_word' id='word_1_248' title='bbox 748 2463 983 2507; x_wconf 86' lang='lat' dir='ltr'><strong>miseritus</strong></span> <span class='ocrx_word' id='word_1_249' title='bbox 1016 2481 1072 2519; x_wconf 86' lang='grc' dir='ltr'><strong>ω,</strong></span> <span class='ocrx_word' id='word_1_250' title='bbox 1107 2464 1184 2507; x_wconf 85' lang='lat' dir='ltr'><strong>sed</strong></span> <span class='ocrx_word' id='word_1_251' title='bbox 1213 2464 1314 2508; x_wconf 82' lang='lat' dir='ltr'><strong>vide</strong></span> <span class='ocrx_word' id='word_1_252' title='bbox 1343 2477 1486 2520; x_wconf 75' lang='lat' dir='ltr'><strong>supra</strong></span> <span class='ocrx_word' id='word_1_253' title='bbox 1520 2463 1662 2508; x_wconf 78' lang='lat' dir='ltr'><strong>Gellii</strong></span> <span class='ocrx_word' id='word_1_254' title='bbox 1699 2464 1834 2508; x_wconf 83' lang='lat' dir='ltr'><strong>verba</strong></span> 
     </span>
    </p>
   </div>
   <div class='ocr_carea' id='block_1_11' title="bbox 152 2610 1420 2762">
    <p class='ocr_par' dir='ltr' id='par_1_11' title="bbox 152 2610 1420 2762">
     <span class='ocr_line' id='line_1_33' title="bbox 943 2610 1040 2658; baseline 0 0"><span class='ocrx_word' id='word_1_255' title='bbox 943 2610 1040 2658; x_wconf 85' lang='lat' dir='ltr'><strong>XH</strong></span> 
     </span>
     <span class='ocr_line' id='line_1_34' title="bbox 152 2691 1420 2762; baseline 0 -18"><span class='ocrx_word' id='word_1_256' title='bbox 152 2735 162 2744; x_wconf 92' lang='lat'><strong>.</strong></span> <span class='ocrx_word' id='word_1_257' title='bbox 204 2735 215 2745; x_wconf 90' lang='lat'><strong>.</strong></span> <span class='ocrx_word' id='word_1_258' title='bbox 253 2711 362 2745; x_wconf 91' lang='lat' dir='ltr'><strong>non</strong></span> <span class='ocrx_word' id='word_1_259' title='bbox 400 2710 618 2762; x_wconf 90' lang='lat' dir='ltr'><strong>possum</strong></span> <span class='ocrx_word' id='word_1_260' title='bbox 655 2694 880 2747; x_wconf 75' lang='lat' dir='ltr'><strong>uerbum</strong></span> <span class='ocrx_word' id='word_1_261' title='bbox 918 2694 1110 2746; x_wconf 85' lang='lat' dir='ltr'><strong>faeere:</strong></span> <span class='ocrx_word' id='word_1_262' title='bbox 1150 2691 1420 2745; x_wconf 74' lang='lat' dir='ltr'><strong>obbrutui.</strong></span> 
     </span>
    </p>
   </div>
   <div class='ocr_carea' id='block_1_12' title="bbox 153 2792 1834 2967">
    <p class='ocr_par' dir='ltr' id='par_1_12' title="bbox 153 2792 1834 2967">
     <span class='ocr_line' id='line_1_35' title="bbox 270 2792 1834 2852; baseline 0 -15"><span class='ocrx_word' id='word_1_263' title='bbox 270 2793 407 2837; x_wconf 91' lang='lat' dir='ltr'><strong>Pauli</strong></span> <span class='ocrx_word' id='word_1_264' title='bbox 437 2794 603 2838; x_wconf 88' lang='lat' dir='ltr'><strong>Festus</strong></span> <span class='ocrx_word' id='word_1_265' title='bbox 640 2810 684 2852; x_wconf 91' lang='lat' dir='ltr'><strong>p.</strong></span> <span class='ocrx_word' id='word_1_266' title='bbox 713 2799 795 2838; x_wconf 81' lang='grc'><strong>187</strong></span> <span class='ocrx_word' id='word_1_267' title='bbox 828 2795 888 2839; x_wconf 93' lang='lat' dir='ltr'><strong>M.</strong></span> <span class='ocrx_word' id='word_1_268' title='bbox 926 2793 1267 2849; x_wconf 84' lang='lat' dir='ltr'><strong>‘obbrutuit‚</strong></span> <span class='ocrx_word' id='word_1_269' title='bbox 1309 2792 1573 2849; x_wconf 89' lang='lat' dir='ltr'><strong>obstupuit,</strong></span> <span class='ocrx_word' id='word_1_270' title='bbox 1614 2807 1642 2837; x_wconf 89' lang='lat' dir='ltr'><strong>a</strong></span> <span class='ocrx_word' id='word_1_271' title='bbox 1679 2793 1834 2849; x_wconf 92' lang='lat' dir='ltr'><strong>bruto,</strong></span> 
     </span>
     <span class='ocr_line' id='line_1_36' title="bbox 153 2851 1834 2918; baseline 0.001 -23"><span class='ocrx_word' id='word_1_272' title='bbox 153 2853 280 2918; x_wconf 83' lang='lat' dir='ltr'><strong>quod</strong></span> <span class='ocrx_word' id='word_1_273' title='bbox 313 2852 497 2908; x_wconf 87' lang='lat' dir='ltr'><strong>antiqui</strong></span> <span class='ocrx_word' id='word_1_274' title='bbox 526 2867 610 2910; x_wconf 88' lang='lat' dir='ltr'><strong>pro</strong></span> <span class='ocrx_word' id='word_1_275' title='bbox 642 2853 790 2910; x_wconf 88' lang='lat' dir='ltr'><strong>graui,</strong></span> <span class='ocrx_word' id='word_1_276' title='bbox 822 2853 1056 2897; x_wconf 89' lang='lat' dir='ltr'><strong>interdum</strong></span> <span class='ocrx_word' id='word_1_277' title='bbox 1086 2866 1170 2909; x_wconf 86' lang='lat' dir='ltr'><strong>pro</strong></span> <span class='ocrx_word' id='word_1_278' title='bbox 1203 2851 1390 2909; x_wconf 87' lang='lat' dir='ltr'><strong>stupido</strong></span> <span class='ocrx_word' id='word_1_279' title='bbox 1423 2852 1654 2896; x_wconf 85' lang='lat' dir='ltr'><strong>dixerunt.</strong></span> <span class='ocrx_word' id='word_1_280' title='bbox 1699 2851 1834 2896; x_wconf 83' lang='lat' dir='ltr'><strong>Afra-</strong></span> 
     </span>
     <span class='ocr_line' id='line_1_37' title="bbox 156 2911 626 2967; baseline 0.002 -12"><span class='ocrx_word' id='word_1_281' title='bbox 156 2911 285 2957; x_wconf 84' lang='lat' dir='ltr'><strong>nius:</strong></span> <span class='ocrx_word' id='word_1_282' title='bbox 317 2913 429 2955; x_wconf 90' lang='lat' dir='ltr'><strong>non’</strong></span> <span class='ocrx_word' id='word_1_283' title='bbox 458 2925 496 2957; x_wconf 91' lang='lat' dir='ltr'><strong>e.</strong></span> <span class='ocrx_word' id='word_1_284' title='bbox 521 2926 564 2967; x_wconf 93' lang='lat' dir='ltr'><strong>q.</strong></span> <span class='ocrx_word' id='word_1_285' title='bbox 591 2927 626 2956; x_wconf 89' lang='lat' dir='ltr'><strong>s.</strong></span> 
     </span>
    </p>
   </div>
  </div>
 </body>
</html>
