2060 3140
545 132 791 178 lNcERTI
819 131 1076 177 NOMINIS
1107 132 1432 186 RELIQVIAE
1717 132 1825 185 333

490 301 764 350 [NOERTI
801 300 1080 350 NOMINIS
1119 301 1483 359 RELIQVIAE

973 405 999 452 I

258 488 432 541 Varro
473 488 536 540 de
574 488 607 540 l.
640 488 673 540 l.
705 487 810 540 VII
850 488 920 540 95
959 488 1030 541 M.
1075 489 1295 541 ‘dictum
1337 489 1575 542 mandier
1613 508 1644 541 a
1681 508 1825 541 man-

147 577 343 646 dendo,
388 575 528 627 unde
567 576 896 646 manducari,
942 596 972 628 a
1011 595 1115 646 quo
1160 577 1217 628 in
1254 575 1516 630 Atellanis
1554 577 1826 631 Dossen—

147 684 291 717 num
330 667 526 717 uocant
564 663 973 717 Manducum.'

267 766 580 809 Dossenum
614 764 664 809 O.
690 766 941 809 Muellerus
978 766 1046 808 ad
1077 766 1346 809 obsenum
1375 766 1495 810 Flor.
1528 766 1598 810 ad
1629 767 1827 811 obsce-

147 839 278 868 num
320 825 694 881 (obscoenum)
735 824 872 868 Goth.
907 824 1057 868 Haun.
1095 824 1245 869 Guelf.
1293 825 1521 868 obesum
1551 825 1600 869 L.
1627 825 1828 883 Spengel

149 884 217 928 Cf.
241 883 370 927 Festi
392 899 437 940 p.
458 886 542 926 128
563 883 801 926 ‘manduci
826 883 1037 940 effigies’.
1069 883 1227 927 Plauti
1249 883 1367 927 Rud.
1390 889 1474 927 535
1499 883 1666 928 Isidori
1689 885 1827 942 gloss.

150 942 277 1000 (CGI.
300 943 343 987 V
368 947 452 987 633
478 942 548 998 Gr.)
584 942 872 998 ‘dorsennus‚
903 955 1102 998 persona
1131 941 1474 998 parasitorum.’

968 1112 1020 1159 H

153 1195 386 1264 HospeS,
424 1196 610 1248 resiste
650 1199 703 1248 et
741 1195 984 1264 sophiam
1021 1195 1290 1248 Dossenni
1322 1196 1452 1266 lege.

274 1311 450 1355 Seneca
481 1311 615 1367 epist.
649 1315 719 1367 89,
753 1316 778 1355 6
818 1310 1069 1367 ‘sapientia
1110 1313 1200 1367 est,
1241 1325 1381 1366 quam
1420 1311 1586 1356 Graeci
1623 1311 1832 1369 σοφίαν

152 1372 340 1414 uocant.
409 1370 498 1414 hoc
540 1371 685 1414 uerbo
727 1369 927 1414 Romani
970 1384 1152 1425 quoque
1195 1371 1468 1426 utebantur,
1516 1371 1636 1415 sicut
1680 1372 1832 1428 philo-

153 1428 321 1485 sophia
358 1443 481 1472 nunc
521 1443 705 1485 quoque
742 1431 950 1473 utuntur.
1013 1430 1137 1484 quod
1176 1431 1224 1472 et
1261 1432 1452 1486 togatae
1482 1429 1573 1474 tibi
1608 1431 1830 1486 antiquae

151 1488 422 1590 probab’unt
456 1490 505 1532 et
542 1488 860 1546 inscriptus
896 1488 1174 1531 Dossenni
1207 1491 1565 1533 monumento
1596 1489 1829 1536 titulus:

191 1561 324 1604 ospes
371 1561 408 1591 e.
435 1563 478 1603 q.
505 1562 538 1591 S.

275 1635 489 1692 sophiam
520 1636 662 1680 Rehd.
697 1635 933 1692 sophisma
969 1636 1117 1691 Guelf.
1156 1635 1353 1692 sophian
1384 1653 1419 1692 φ

157 1889 325 1943 Venit
361 1889 673 1942 Dorsennus
711 1890 742 1941 a
779 1890 910 1941 uilla
987 1932 1346 1941 .....

278 1990 525 2035 Suetonius
556 1990 657 2035 vita
689 1990 868 2034 Galbae
902 1995 955 2033 13
995 1991 1155 2045 ‘quare
1195 1989 1424 2033 aduentus
1464 1988 1562 2033 eius
1601 2004 1694 2034 non
1731 2003 1833 2046 per-

158 2050 268 2094 inde
292 2052 453 2107 gratus
477 2049 589 2094 fuit:
621 2049 763 2105 idque
786 2049 995 2105 proximo
1020 2048 1284 2105 spectaculo
1310 2047 1539 2104 apparuit.
1594 2047 1834 2104 Siquidem

158 2108 390 2153 Atellanis
422 2108 785 2152 notissimum
817 2108 1103 2152 canticum
1127 2107 1299 2151 exorsis
1328 2106 1487 2150 uenit
1509 2107 1832 2151 Dorsennus

160 2183 189 2212 a
228 2168 375 2212 uilla
413 2167 570 2212 cuncti
609 2167 747 2211 simul
786 2170 1068 2224 spectatores
1109 2165 1427 2210 consentiente
1457 2180 1571 2209 uoce
1605 2165 1834 2222 reliquam

158 2230 343 2284 partem
372 2227 674 2282 rettulerunt,
708 2240 762 2270 ac
795 2226 977 2282 saepius
1011 2239 1146 2269 uersu
1176 2225 1375 2282 repetito
1407 2226 1632 2281 egerunt.’
1697 2225 1834 2269 Chori

161 2300 242 2330 seu
289 2288 505 2330 catervae
552 2285 786 2330 canticum
830 2286 918 2329 hoc
966 2298 1064 2328 esse
1111 2284 1226 2328 dicit
1265 2284 1316 2329 G.
1349 2285 1638 2327 Hermannus
1679 2298 1832 2341 opusc.

279 2435 353 2479 De
379 2435 580 2478 ‘numeris
609 2434 780 2477 cantici
809 2434 919 2477 certi
947 2434 1017 2476 ‘nil
1047 2433 1194 2476 ausim
1225 2432 1488 2485 adfirmare.-
1519 2432 1655 2475 initio
1683 2445 1836 2476 versus

158 2495 350 2548 fortasse
376 2499 480 2549 post
510 2491 642 2535 uenit
671 2493 917 2536 interiectio
949 2493 1120 2548 aliqua,
1149 2492 1338 2545 fortasse
1368 2490 1474 2546 hen,
1505 2496 1655 2534 secuta
1685 2497 1748 2535 est

162 2553 428 2596 Dorsennus
463 2551 762 2595 GASehmidt
798 2552 849 2594 in
887 2552 1049 2606 ephem.
1085 2550 1288 2594 Darmst.
1327 2553 1440 2592 1840
1475 2563 1523 2604 p.
1551 2554 1684 2605 1232,
1731 2551 1836 2594 item

161 2612 489 2655 Lachmawnus
521 2609 627 2653 ione
661 2609 802 2652 simus
834 2627 882 2663 ω,
914 2611 1008 2653 nisi
1037 2610 1155 2666 quod
1193 2607 1396 2651 oiisimus
1430 2609 1592 2652 Viterb.
1625 2608 1684 2664 i0,
1719 2607 1836 2652 One-

162 2669 305 2713 simus
331 2670 545 2713 Ματθίας
633 2669 926 2726 Dactylicum
956 2682 1135 2712 carmen
1163 2666 1296 2710 uenit
1325 2665 1566 2710 Onesimus
1594 2668 1622 2710 a
1650 2681 1692 2710 u.
1722 2681 1835 2712 emn-

162 2731 345 2774 mendat
375 2729 478 2772 Bue

967 2836 1040 2883 IV

164 2923 361 2975 Hircus
399 2922 612 2974 uetulus
651 2922 855 2990 capreis
892 2922 1139 2973 naturam
1177 2921 1404 2991 ligurrit.
