2060 3140
677 121 954 166 CAECILIV
955 121 985 165 S
1018 121 1266 167 STATIVS
1741 122 1775 175 9
1784 123 1810 173 l

129 255 266 299 unius
291 254 533 299 cuiusdam
564 254 776 312 operis,
809 257 862 299 ut
886 254 954 299 ait
978 252 1221 311 Caecilius,
1252 254 1520 312 remigem
1549 254 1673 310 aliq
1685 269 1808 299 uem

130 329 158 359 a
168 329 198 358 u
207 317 228 358 t
265 314 296 358 b
307 314 398 358 aiu
406 313 424 357 l
432 329 463 357 u
471 329 519 357 m
554 313 690 358 nobis
730 316 961 358 oratorem
992 314 1323 371 descripseras,
1354 314 1544 371 inopem
1574 314 1812 369 quendam

129 372 437 418 humanitatis
469 374 611 428 atque
642 372 954 417 inurbanum)

249 460 399 518 operis
411 460 635 519 remigem
647 461 852 518 aliquem
864 464 947 506 aut
958 461 1170 506 baiulum
1181 467 1288 508 sumt
1300 476 1378 520 qui
1371 462 1597 512 tribuant
1613 460 1809 507 Caecilio

882 583 1068 652 [XXV1
1815 596 1903 637 275

127 669 273 722 Dum
311 670 564 741 taeniam,
604 671 697 740 qui
734 671 928 724 uolnus
965 671 1216 741 uinciret‚
1256 671 1416 741 petit]

246 771 411 816 Festus
442 787 485 829 p.
512 776 598 816 360
629 771 690 816 Μ.
727 771 979 816 ‘taenias
1012 771 1239 816 Graecam
1280 786 1444 816 uocem
1483 771 1549 816 sic
1585 771 1814 829 interpre-

129 832 259 875 tatur
281 830 485 888 Verrius,
517 833 571 875 ut
601 830 730 874 dicat
760 832 1084 875 ornamentum
1113 844 1214 875 esse
1244 830 1433 875 laneum
1464 830 1633 888 capitis
1663 831 1812 876 hono-

128 889 243 945 rati,
283 891 338 934 ut
376 889 439 934 sit
476 889 603 946 apud
641 888 955 933 Caecilium
991 889 1051 934 in
1080 890 1424 947 Androgyno
1458 890 1598 992 sajet
1639 890 1811 936 alias:

130 949 257 992 dum’
292 962 331 994 e.
356 963 399 1004 q.
425 963 459 993 8.
509 947 560 993 O.
586 947 825 1004 Muellem,
858 948 934 993 cui
964 947 1041 992 hic
1071 948 1326 993 versiculus
1361 948 1493 994 Caec'
1583 962 1679 993 non
1711 963 1814 993 esse

126 1007 389 1110 {issebatun
421 1007 491 1051 ita
523 1006 773 1064 adsentior,
813 1010 867 1052 ut
904 1007 1176 1065 tragoediae
1216 1007 1362 1053 etiam
1398 1007 1548 1052 multo
1581 1008 1814 1065 aptiorem
1869 1064 1873 1066 .

161 1081 190 1111 a
225 1080 340 1111 eam.

244 1154 366 1212 petit
396 1168 478 1200 om.
518 1154 710 1200 Vrsinus

875 1250 1066 1298 XXVII

274 1334 626 1404 Profertoque
665 1335 821 1388 nobis
859 1334 917 1387 in
934 1330 1152 1388 'mundo
1193 1335 1436 1387 futurum

276 1423 500 1476 Lectum

244 1524 417 1568 XXVII
448 1539 513 1580 sq.
548 1524 782 1570 Charisius
813 1540 858 1583 p.
886 1529 968 1569 181
993 1525 1042 1570 P.
1079 1524 1161 1569 ‘in
1198 1524 1402 1569 mundo
1441 1538 1526 1582 pro
1564 1524 1726 1582 palam
1765 1528 1814 1569 et

127 1585 178 1628 in
210 1584 442 1641 expedito,
477 1597 531 1627 ac
555 1584 669 1641 cito3
701 1584 932 1630 Plautus.
996 1583 1261 1629 ,Caecilius
1286 1597 1484 1640 quoque,
1508 1586 1563 1630 ut
1586 1585 1807 1629 Annaeus

127 1644 356 1689 Cornutus
394 1643 516 1686 libro
557 1644 653 1688 tab.
694 1646 928 1688 castarum
963 1643 1112 1701 patris
1154 1643 1246 1689 sui:
1292 1643 1579 1700 profecto’
1621 1657 1660 1688 e.
1694 1659 1737 1700 q.
1771 1658 1809 1688 8

130 1704 262 1747 ‘item
291 1702 436 1747 idem.
475 1703 737 1759 namque’
772 1716 809 1747 e.
842 1717 886 1758 q.
920 1718 953 1748 8.
987 1703 1086 1761 (lib
1126 1704 1225 1747 tab
1259 1705 1463 1747 castar
1489 1702 1677 1759 patris
1718 1702 1807 1746 sui

129 1763 227 1807 cod.
260 1761 411 1806 libro
443 1761 771 1806 fabularum
801 1764 1088 1806 castarum
1116 1761 1300 1819 patris
1333 1761 1420 1805 sui
1443 1760 1806 1806 Lindemannus.

125 1822 180 1866 In
210 1820 381 1865 litteris
420 1822 518 1865 tab
561 1823 847 1866 castarum
879 1820 930 1866 Ο.
954 1821 1150 1865 Jahnius
1182 1820 1364 1878 Proleg.
1396 1820 1446 1864 in
1476 1820 1600 1866 Pers.
1633 1836 1678 1878 p.
1703 1821 1812 1865 XXI

126 1881 274 1925 latere
299 1879 499 1925 coniecit
528 1879 1009 1937 tabernariarum,
1033 1880 1084 1923 ιιι
1108 1879 1410 1936 sequentibus
1436 1881 1593 1924 autem
1622 1879 1810 1937 patris

129 1940 215 1983 sui
246 1939 439 1984 titulum
468 1939 672 1996 fabulae,
706 1938 1023 2006 Caecilianum
1054 1939 1254 1995 denique
1284 1939 1440 1983 locum
1471 1938 1720 1996 excidisse3
1751 1939 1811 1983 in

127 1999 277 2043 libro
316 1999 338 2042 I
375 1998 755 2056 epistularum
801 1997 1100 2043 conieceram.
1148 1998 1297 2042 libro
1343 1997 1674 2042 tabularum
1719 2012 1812 2043 ca-

127 2057 436 2103 strensium
466 2059 564 2102 Bue
594 2073 710 2102 mus.
743 2057 889 2102 Rhen.
922 2057 1115 2102 XXXIV
1145 2059 1249 2113 347)

249 2152 272 2190 1
305 2147 602 2204 profertoque
633 2147 797 2204 scripsi
826 2148 1087 2192 dubitanter
1115 2146 1324 2203 profecto
1356 2146 1438 2202 qui
1472 2147 1568 2192 cod.

858 2272 1073 2319 XXVIII

331 2398 340 2408 .
381 2397 392 2408 .
431 2374 660 2425 namque
698 2354 902 2425 <m1‘hi>
939 2355 1140 2408 malum
1180 2356 1234 2407 in
1273 2355 1549 2425 mundost„
1589 2373 1676 2408 ere

246 2470 359 2500 num
389 2456 470 2512 qui
499 2457 852 2502 Lindemannus
881 2471 992 2500 nam
1023 2456 1098 2500 cui
1123 2470 1255 2514 prop.
1285 2456 1389 2501 Bue
1509 2455 1560 2500 in
1591 2457 1812 2502 mundost

128 2528 203 2559 ere
236 2516 338 2559 Bue
378 2515 676 2561 Coniectanea
713 2517 838 2561 Latt.
872 2515 1066 2573 (1868s9)
1093 2530 1139 2573 p.
1168 2521 1191 2560 7
1225 2515 1274 2558 in
1311 2515 1486 2559 mundo
1526 2515 1567 2559 si
1606 2515 1674 2561 ire
1713 2518 1811 2563 cod.

220 2589 330 2618 nam
361 2574 473 2630 quia
502 2575 678 2619 malum
707 2574 758 2619 in
787 2574 960 2619 mundo
993 2588 1093 2618 esse
1126 2573 1265 2619 sciret
1294 2576 1407 2620 coni.
1443 2575 1629 2621 Keilius

889 2700 1051 2747 XXIX

131 2767 189 2822 Si
227 2770 336 2821 n6n
373 2770 558 2822 sarciri
598 2769 782 2840 quitur

246 2869 493 2915 Diomedes
532 2886 577 2928 p.
610 2876 696 2916 380
734 2872 783 2916 P.
815 2869 1046 2914 ‘Accius
1086 2869 1244 2925 quitus
1277 2884 1380 2913 sum
1416 2903 1432 2917 .
1461 2903 1475 2916 .
1508 2905 1518 2914 .
1558 2872 1805 2926 queuntur.

129 2927 358 2973 Caecilius
388 2931 650 3002 praeterea:
685 2930 737 2974 si
755 2945 799 2974 n.
833 2945 868 2974 s
903 2928 1093 2985 quitur?
