2060 3140
457 134 543 177 AN
547 133 899 180 ONYMORVM
930 134 1227 179 MIMORVM
1256 135 1580 189 RELIQVIAE
1745 135 1853 188 379

178 268 311 319 dixi
365 271 461 320 ter
507 268 731 322 Tullus
786 270 1055 323 dicitur.'
1134 269 1346 339 Stupidi
1395 268 1582 323 Graeci
1629 288 1833 323 comme

175 359 454 409 morantur
492 357 549 409 in
590 356 718 410 CIL
749 356 828 411 VI
862 358 1004 411 1063
1033 376 1110 427 sq.

294 471 464 516 Mimus
494 472 694 517 fortasse
724 473 950 517 Marullus
981 473 1086 530 fuit,
1119 473 1249 517 cuius
1280 473 1387 518 vide
1418 473 1472 517 fr.
1496 474 1551 517 H.

297 575 509 620 Fortasse
546 577 694 621 exitus
731 590 882 621 versus
918 577 991 621 hic
1028 577 1144 632 fuit:
1184 575 1279 620 iam
1310 575 1400 620 tibi
1431 576 1529 620 dixi
1558 579 1650 633 ter,
1690 577 1852 621 Tullus

175 632 436 739 {13:338sschss
471 649 612 692 ‘neque
649 637 722 679 ter
753 634 915 678 Tullus
953 651 1092 692 neque
1125 635 1221 678 dixi
1259 638 1332 679 ter
1359 637 1618 692 separanda
1654 638 1855 682 ‘numeris

966 819 1063 866 XII

174 908 356 978 (Vos)
393 908 499 960 ussi
537 908 704 960 uultis
744 910 915 962 emere
955 912 1007 962 et
1046 927 1167 962 caro
1206 910 1446 962 uendere.

292 1022 583 1080 Augustinus
623 1023 680 1066 de
718 1023 864 1068 trinit.
896 1024 1002 1067 XIII
1037 1029 1063 1067 3
1113 1025 1260 1068 ‘unde
1304 1024 1390 1067 illa
1435 1024 1677 1068 cuiusdam
1720 1025 1853 1069 mimi

174 1081 462 1126 facetissima
498 1082 799 1138 praedicatur
828 1082 1092 1140 urbanitas,
1132 1083 1214 1138 qui
1252 1097 1357 1127 cum
1391 1097 1439 1127 se
1476 1083 1770 1140 promisisset¹
1803 1084 1854 1127 in

175 1142 361 1185 theatro
401 1140 514 1197 quid
553 1140 603 1184 in
643 1141 796 1186 animo
835 1142 1065 1185 haberent
1103 1144 1150 1185 et
1189 1141 1303 1197 quid
1339 1142 1517 1186 uellent
1555 1156 1712 1186 omnes
1746 1143 1852 1187 aliis

175 1199 300 1244 ludis
340 1214 439 1244 esse
480 1199 733 1257 dicturum,
774 1203 914 1256 atque
954 1201 1015 1244 ad
1053 1200 1177 1244 diem
1216 1200 1521 1245 constitutam
1557 1200 1756 1258 ingenti⁴
1776 1216 1852 1246 ex-

175 1258 443 1317 pectatione
474 1259 624 1302 maior
657 1259 910 1303 multitudo
944 1259 1213 1315 conflueret,
1253 1259 1488 1316 suspensis
1520 1262 1568 1303 et
1605 1259 1852 1304 silentibus

176 1318 390 1363 omnibus
438 1317 611 1362 dixisse
656 1318 946 1375 perhibetur:
1002 1318 1110 1361 uili
1162 1318 1340 1362 uultis
1387 1332 1566 1362 emere
1614 1321 1668 1362 et
1721 1333 1850 1364 caro

175 1378 434 1421 uendere.
496 1377 550 1420 In
581 1391 672 1433 quo
705 1377 831 1421 dicto
867 1377 1094 1421 leuissimi
1133 1377 1335 1421 scaenici
1366 1391 1523 1421 omnes
1554 1380 1714 1422 tamen
1745 1393 1852 1422 con-

175 1436 396 1481 scientias
442 1435 722 1480 inuenerunt
767 1451 895 1493 suas,
944 1436 1078 1492 eique
1124 1450 1236 1480 uera
1287 1439 1395 1480 ante
1442 1436 1599 1480 oculos
1646 1436 1852 1481 omnium

174 1495 432 1540 constituta
463 1497 512 1539 et
545 1497 705 1539 tamen
739 1494 978 1552 inprouisa
1010 1495 1185 1539 dicenti
1218 1495 1484 1539 admirabili
1521 1495 1682 1539 fauore
1719 1496 1852 1553 plau-

175 1555 368 1599 serunt.’

945 1677 1088 1741 [XIII

288 1769 459 1823 Iulius
500 1768 834 1839 Capitolinus
874 1771 936 1822 de
974 1770 1281 1822 Maximinis
1321 1770 1526 1822 duobus
1565 1788 1606 1822 c.
1637 1770 1671 1822 9
1712 1770 1852 1823 ‘cum

177 1859 537 1912 immortalem
583 1877 638 1911 se
682 1877 848 1928 prope
887 1858 1122 1911 crederet
1167 1858 1236 1910 ob
1282 1859 1703 1929 magnitudinem
1742 1876 1854 1911 cor-

177 1948 324 2018 poris
360 1946 708 2017 uirtutisque,
748 1947 944 1999 mimus
984 1947 1198 2015 quidam
1236 1947 1292 1998 in
1330 1946 1539 1999 theatro
1577 1950 1853 2015 praesente

178 2037 273 2089 illo
328 2036 525 2089 dicitur
577 2054 800 2088 uersus
855 2034 1125 2087 Graecos
1176 2035 1393 2103 dixisse,
1448 2053 1674 2104 quorum
1723 2034 1854 2087 haec

179 2128 294 2177 erat
340 2124 533 2177 Latina
579 2123 862 2176 sententia:
910 2126 970 2175 et
1020 2123 1126 2191 qui
1177 2122 1250 2174 ab
1300 2140 1420 2174 uno
1471 2140 1591 2175 non
1640 2125 1855 2191 potest

181 2213 413 2282 occidi,
468 2231 499 2264 a
549 2212 772 2264 multis
826 2211 1157 2263 occiditur.
1240 2210 1540 2279 elephans
1593 2209 1854 2281 grandis

180 2304 277 2353 est
330 2304 390 2353 et
448 2300 790 2370 occiditur,
849 2300 945 2352 leo
999 2299 1192 2351 fortis
1245 2301 1341 2350 est
1395 2301 1455 2350 et
1515 2298 1854 2368 occiditur,

180 2389 374 2460 tigris
419 2389 613 2442 fortis
661 2391 755 2457 est
803 2391 863 2440 et
910 2387 1246 2440 occiditur:
1297 2404 1446 2438 caue
1492 2386 1751 2456 multw,
1798 2387 1852 2438 si

179 2479 471 2549 singulos
539 2496 663 2530 non
731 2478 931 2529 times,
1030 2478 1083 2528 et
1153 2475 1283 2527 haec
1350 2475 1668 2543 imperatore
1735 2475 1852 2543 ipso

179 2570 454 2636 praesente
530 2567 637 2618 iam
706 2566 845 2617 dicta
911 2567 1048 2617 sunt.
1147 2564 1238 2615 sed
1309 2580 1429 2615 cum
1500 2563 1855 2633 interrogaret

181 2655 404 2724 amicOS,
471 2655 599 2724 quid
658 2654 903 2706 mimicus
963 2670 1142 2704 scurra
1204 2651 1446 2720 dixisset,
1514 2650 1714 2702 dictum
1775 2653 1855 2703 est

180 2743 231 2795 ei
300 2743 444 2812 quod
508 2743 758 2811 antiquos
822 2759 1008 2793 uersus
1069 2742 1305 2791 cantaret
1366 2740 1550 2790 contra
1612 2737 1855 2791 homines

182 2849 396 2900 asperos
443 2831 692 2901 scriptos3
738 2833 791 2882 et
834 2829 947 2897 ille,
993 2831 1054 2879 ut
1101 2830 1213 2879 erat
1258 2826 1436 2878 Thrax
1482 2829 1535 2878 et
1580 2825 1856 2895 barbarus),

180 2919 464 2988 credidit.']
