2060 3140
514 689 839 762 LIVIVS
891 689 1491 763 ANDRONlcvs
1579 654 1582 657 “

815 864 1191 913 GLADIOLVS

272 962 354 1021 ’γΕ
357 961 581 1021 χειρίδων
587 960 833 1006 Menandri
840 961 1127 1005 Philemonis
1138 962 1318 1019 Sophili
1327 962 1528 1007 contulit
1534 964 1834 1021 Duentzerus,

157 981 383 1126 ἰῖῗὲἓέἐ
406 1021 638 1126 ffltgcsse
670 1020 877 1065 hostium
908 1021 1051 1065 caede
1081 1021 1305 1078 glorianti
1335 1021 1408 1066 his
1439 1023 1709 1079 responderi
1731 1039 1836 1081 pro-

156 1172 434 1226 Pulicesne
472 1191 541 1225 an
578 1170 791 1225 cimices
829 1189 897 1223 311
933 1170 1131 1240 pedes?
1168 1172 1429 1241 responde
1466 1172 1614 1226 mihi.

276 1273 440 1317 Festus
478 1288 523 1330 p.
549 1277 635 1316 210
658 1272 719 1316 Μ.
764 1272 962 1329 ‘pedes
1002 1273 1160 1316 autem
1197 1286 1280 1330 pro
1319 1259 1549 1329 pediculis
1586 1301 1640 1306 —
1672 1275 1833 1320 Liuius

156 1333 207 1377 in
239 1331 476 1378 Gladiolo:
519 1331 783 1389 pulicesne’
819 1344 856 1375 e.
883 1345 926 1386 q.
952 1345 986 1375 s.
1051 1330 1116 1376 cf.
1155 1331 1347 1388 plenum
1382 1331 1688 1378 bestiolarum
1727 1349 1834 1380 con-

159 1394 351 1437 ventum
381 1391 430 1435 in
463 1390 736 1435 Curculione
766 1389 926 1434 Plauti
956 1405 997 1434 v.
1025 1393 1125 1434 500.

275 1481 593 1538 Septenariwn
623 1481 807 1538 agnovit
838 1479 1155 1525 fleckeisenus
1185 1481 1362 1525 armall.
1388 1483 1500 1524 1861
1527 1496 1577 1538 p.
1604 1487 1703 1527 576.

876 1619 1120 1668 LVDIVS

274 1716 342 1761 De
382 1715 573 1760 fabulae
610 1715 798 1760 nomine
837 1714 893 1760 cf.
932 1714 1217 1759 Bitschelius
1257 1730 1413 1773 opusc.
1436 1717 1501 1761 HI
1524 1722 1623 1763 320.
1687 1718 1834 1764 Tituli

157 1775 331 1820 similes
364 1773 537 1832 Γόητες
565 1774 892 1844 Aristomenis,
925 1773 1112 1826 Πλάνος
1141 1774 1400 1832 Amphidis.

158 1865 374 1920 Corruit
413 1866 565 1935 quasi
603 1863 742 1918 ictus
780 1883 1075 1918 8000113-
1098 1864 1382 1936 <810111οῬ>
1406 1898 1476 1904 —
1500 1866 1623 1920 Hau
1661 1869 1832 1922 multo

1213 1957 1376 1993 SOGUS·

272 2041 437 2086 Festus
459 2055 519 2097 p.
524 2044 610 2084 330
633 2040 695 2084 M
732 2041 982 2086 ‘scenam
1010 2053 1158 2098 genus
1191 2039 1355 2099 [fuisse
1378 2040 1508 2100 ferri]
1530 2041 1832 2088 manifestum

158 2103 244 2158 est,
277 2101 359 2145 sed
389 2085 548 2144 utrum
575 2098 747 2144 securis
773 2113 834 2143 an
858 2099 1055 2166 dolabra
1079 2099 1142 2144 sit
1165 2099 1434 2156 ambigitur
1481 2114 1623 2156 quam
1647 2100 1830 2147 Cincius

158 2161 209 2204 in
231 2138 366 2216 libro,
392 2158 474 2216 qui
497 2160 569 2203 est
593 2158 650 2203 de
673 2157 829 2203 uerbis
852 2157 1031 2216 priscis,
1057 2158 1300 2203 dolabi-am
1323 2158 1393 2203 ait
1413 2172 1513 2203 esse
1526 2159 1828 2216 pontificiam

157 2219 332 2276 Lyuius
364 2218 414 2262 in
443 2217 648 2275 Lydio:
681 2217 871 2262 corruit’
907 2231 944 2262 0.
971 2233 1013 2274 q.
1040 2233 1074 2262 s
1138 2217 1203 2263 Cf.
1234 2217 1360 2263 idem
1390 2233 1434 2274 p.
1460 2223 1546 2262 318
1581 2219 1738 2264 ‘scena
1769 2220 1829 2264 ab

158 2278 261 2337 alis,
295 2293 323 2323 a
351 2276 633 2334 quibusdam
665 2278 895 2322 sacena'
931 2278 964 2335 (‘
977 2277 1204 2322 secena’
1237 2280 1354 2321 coni.
1380 2277 1626 2336 Gesnerus)
1653 2279 1830 2336 ‘appel-

154 2315 281 2383 latur
311 2293 507 2382 doqlabra
525 2335 852 2393 pontificalis)

275 2440 413 2471 scena
442 2426 560 2469 haut
590 2427 708 2470 codoe
740 2438 907 2469 secena
935 2426 1100 2482 scripsi
1130 2426 1204 2482 (cf.
1229 2426 1381 2472 coroll.
1405 2439 1455 2482 p.
1480 2424 1583 2483 VH)
1612 2431 1654 2471 et
1685 2425 1828 2470 sicine

154 2488 340 2532 inserui.
405 2498 543 2529 scena
572 2486 734 2528 taurus
765 2499 799 2529 cc

838 2593 1137 2643 VERPVS*

273 2691 504 2737 Xenarchi
533 2691 697 2736 fabula
727 2691 819 2736 fuit
850 2689 1074 2748 Πρίαπος.

155 2824 167 2839 .
190 2825 204 2838 .
229 2783 540 2837 ornamento
578 2783 832 2836 incedunt
868 2781 1111 2854 gnobiles
1148 2781 1414 2853 ignobiles

272 2884 506 2940 Festusp
510 2889 633 2928 ,174
662 2883 723 2928 Μ.
767 2883 1042 2928 ‘nobilem
1080 2881 1263 2938 antiqui
1299 2895 1383 2938 pro
1421 2883 1534 2926 noto
1571 2881 1823 2939 ponebant,

157 2945 204 2988 et
234 2943 424 2999 quidem
452 2957 536 3000 per
566 2957 591 2987 c
621 2942 829 2988 litteram
859 2969 916 2976 —
947 2969 1006 2975 -—-
1035 2941 1232 2986 Liuius
1264 2940 1322 2984 in
1350 2940 1550 2997 Virgo·
1584 2954 1823 2985 ornamen-

1505 3016 1562 3058 1*
