2060 3140
278 143 384 196 144
561 142 643 186 EX
673 140 947 187 INCERTIS
978 139 1376 185 INCERTORVM
1406 140 1661 185 FABVLIS

1009 279 1220 327 XLVIII
1279 344 1282 347 Ι

188 378 244 417 65
1003 412 1008 417 .
1042 410 1049 417 .
1126 362 1308 415 Liberi
1346 362 1566 416 bellaria

395 464 570 510 Gellius
602 463 710 507 XIII
741 467 811 518 11,
845 467 870 506 7
905 462 1034 506 ‘uina
1073 476 1256 518 quoque
1297 462 1507 507 dulciora
1546 465 1617 507 est
1654 462 1863 507 inuenire
1901 462 1951 506 in

276 523 528 626 {qnggterdiiss
540 521 899 625 eantaiqpiibo’ribus
931 521 1019 565 hoc
1049 521 1235 565 nomine
1265 521 1504 578 appellata
1527 521 1746 578 dictaque
1771 535 1871 567 esse
1896 535 1952 566 ea

1031 675 1189 722 XLIX

190 763 308 822 66βῖΔ
325 759 566 814 Clitellae
605 758 733 812 boui
763 762 890 812 sunt
921 759 1204 828 inpositae:
1243 759 1420 828 plane!
1459 726 1568 812 non
1600 761 1681 812 est
1709 760 1952 812 nostrum

1424 865 1570 900 onus

394 948 551 993 Cicero
591 947 723 1005 epist.
759 948 819 991 ad
849 947 946 992 Att.
979 947 1022 992 V
1056 952 1111 992 15
1146 949 1235 991 ‘est
1265 947 1559 1004 incredibile,
1598 962 1740 1004 quam
1769 961 1842 991 me
1872 961 1952 991 ne-

275 1007 395 1075 gotii
424 1007 627 1052 taedeat.
674 1006 782 1050 Non
804 1007 950 1051 habet
981 1006 1096 1050 satis
1127 1020 1350 1064 magnum
1380 1021 1595 1064 campum
1625 1007 1707 1050 ille
1738 1006 1829 1050 tibi
1858 1020 1952 1050 non

275 1068 462 1124 ignotus
487 1080 645 1110 cursus
679 1065 823 1109 animi
854 1067 901 1110 et
931 1065 1190 1110 industriae
1217 1079 1349 1110 meae
1370 1066 1614 1123 praeclara
1637 1079 1777 1123 opera
1801 1067 1953 1109 cessat

388 1124 712 1169 .clitellae’
746 1138 783 1168 e.
803 1139 846 1180 q
865 1139 898 1169 s.
942 1125 1043 1168 ‘sed
1072 1124 1305 1169 feremus)
1346 1124 1619 1169 Ammianus
1650 1124 1949 1168 Marcellinus

183 1211 189 1217 ·
277 1162 397 1228 XVI
413 1189 454 1239 5,
487 1188 512 1227 9
549 1184 672 1227 ‘cum
710 1197 919 1228 exercere
957 1183 1176 1240 proludia
1213 1183 1490 1240 disciplinae
1521 1183 1770 1228 castrensis
1800 1182 1952 1240 philo·

278 1243 449 1299 sophus
482 1244 724 1299 cogeretur
753 1244 807 1286 ut
835 1241 1072 1299 princeps,
1117 1244 1356 1298 artemque
1385 1242 1671 1287 modulatius
1705 1241 1954 1287 incedendi

276 1316 359 1358 per
402 1301 667 1358 pyrricham
712 1300 1065 1346 concinentibus
1112 1301 1311 1346 disceret
1355 1300 1547 1358 fistulis,
1593 1303 1757 1345 uetus
1803 1300 1952 1344 illud

275 1359 658 1418 prouerbium:
717 1359 981 1405 clitellae
1026 1360 1163 1405 boui
1209 1362 1340 1404 sunt
1385 1359 1713 1418 impositae,
1759 1360 1951 1417 plane!

276 1434 385 1463 non
415 1421 500 1463 est
531 1421 786 1463 nostrum
818 1434 953 1463 onus
984 1419 1229 1464 Platonem
1259 1419 1419 1463 crebro
1442 1419 1689 1463 nominans
1722 1418 1951 1463 exclama-

276 1479 392 1523 bat?
457 1477 772 1531 Quintilianus
802 1478 845 1522 V
878 1483 947 1535 11,
980 1479 1085 1522 21ε
1095 1481 1348 1536 παροιμίας
1377 1492 1523 1536 genus
1555 1478 1688 1535 illud,
1725 1478 1852 1534 quod
1882 1480 1953 1522 est

276 1537 408 1581 uelut
423 1537 599 1581 fabella
614 1536 800 1581 breuior
816 1539 863 1581 et
877 1514 960 1594 pei·
977 1537 1251 1595 allegoriam
1268 1536 1518 1594 accipitur.
1543 1551 1652 1582 11011
1674 1551 1742 1581 110
1753 1551 1773 1580 8
1784 1539 1951 1592 trum,

252 1618 255 1619 ⁷
275 1595 443 1652 inquit,
469 1610 628 1652 onus,
652 1596 753 1640 bos
777 1596 1313 1641 01115011087Ρο1111101
1337 1597 1398 1640 ad
1418 1596 1770 1653 proverbiorum
1791 1609 1951 1653 8011118,

277 1655 402 1710 quod
433 1632 655 1711 exemplis
685 1657 794 1711 post
823 1654 1082 1712 Hauptium
1112 1669 1266 1713 opusc.
1291 1656 1335 1699 Π
1359 1660 1444 1700 395
1468 1654 1741 1700 inlustravit
1773 1654 1823 1699 O.
1843 1654 1954 1699 Cru-

278 1713 372 1758 sius
404 1728 521 1757 mus.
552 1713 698 1758 Rhen.
731 1719 803 1770 44,
834 1719 935 1759 448.
967 1718 1054 1758 459
1087 1729 1152 1770 sq.

393 1802 708 1858 &ptenarium
737 1803 971 1847 constituit
1000 1803 1103 1847 Bue
1136 1802 1261 1848 (Ioni.
1294 1803 1400 1848 Lat
1427 1807 1481 1847 17
1583 1803 1723 1860 plane
1746 1801 1950 1847 Ammia-

273 1875 382 1917 nus,
421 1861 541 1918 quod
581 1859 741 1917 ‘plana
772 1863 820 1905 et
851 1860 1089 1917 aequabili
1119 1860 1219 1918 uia,
1257 1861 1399 1931 plano
1439 1863 1619 1920 gressu’
1659 1863 1951 1918 interpretor:

275 1896 456 1965 insolito
485 1933 617 1964 onere
641 1922 790 1977 pressi
820 1921 946 1965 boves
975 1934 1070 1965 mm
1099 1935 1143 1965 80
1173 1922 1268 1966 nisi
1297 1922 1412 1967 lente
1434 1927 1476 1967 et
1505 1922 1728 1967 moderate
1751 1921 1951 1965 incedere

269 1993 399 2036 posse
429 1979 640 2024 clamant
702 1979 847 2023 illane
879 1979 1005 2025 Med.
1037 1993 1151 2026 corr.
1183 1979 1268 2024 illa
1299 1995 1355 2025 m.
1382 1995 1456 2037 pr.

1095 2119 1135 2166 L

277 2201 438 2264 Quasi
469 2200 585 2269 <81>
615 2218 817 2253 messor
853 2203 949 2270 per
987 2202 1202 2254 messim
1239 2221 1405 2254 unum
1445 2204 1707 2272 quemque
1746 2202 1951 2272 spicum

1425 2291 1643 2362 collegit

393 2389 557 2433 Festus
596 2403 640 2445 p.
674 2393 759 2432 333
790 2390 851 2434 M.
899 2390 1140 2448 ‘spicum
1184 2390 1439 2435 masculine
1489 2390 1671 2447 antiqui
1717 2391 1950 2448 dicebant,

276 2451 329 2493 ut
370 2450 492 2493 hunc
533 2447 727 2505 stirpem
765 2452 813 2494 et
849 2450 971 2494 hanc
1018 2464 1214 2495 amnem.
1275 2463 1473 2494 uersus
1521 2452 1608 2494 est
1654 2449 1951 2505 antiquus·

277 2508 467 2564 quasi'
503 2523 540 2554 e.
573 2528 615 2569 q
651 2522 684 2552 s.

392 2613 475 2655 per
504 2598 692 2645 messim
723 2598 806 2643 del.
837 2612 872 2643 x
901 2599 955 2642 de
984 2611 1116 2644 versu
1145 2597 1239 2644 Sat.
1274 2602 1344 2653 81,
1375 2602 1428 2643 ut
1456 2599 1666 2644 senarius
1695 2599 1859 2643 evadat

277 2657 467 2714 collegit
497 2661 608 2716 cod„
639 2659 669 2702 i.
703 2671 737 2703 0.
771 2656 954 2714 colligit

1077 2753 1146 2802 LI

279 2833 410 2906 Tam
447 2837 586 2904 perit
626 2855 786 2906 quam
825 2837 1061 2889 extrema
1095 2836 1221 2893 faba
1260 2878 1578 2887 .......

398 2934 562 2980 Festus
601 2951 644 2992 Ρ.
680 2941 763 2981 363
795 2936 855 2980 M.
892 2937 1032 2980 ‘tam
1067 2935 1220 2992 perit
1256 2950 1419 2991 quam
1451 2938 1701 2980 extrema
1731 2935 1865 2980 faba
1895 2934 1952 2979 111
