2060 3140
219 134 329 186 300
623 134 671 177 L.
703 131 1052 177 POMPONIVS
1083 131 1483 176 BONONIENSIS
2016 116 2045 186 ἕΣ

1019 286 1092 333 VI

912 371 1047 438 quae
1084 335 1353 438 peditibus
1389 369 1588 422 nubere

136 472 221 512 155
236 458 514 528 Poterant,
554 459 758 527 equites
797 459 1011 527 sperant
1047 476 1279 527 spurcae.

342 558 521 603 Nonius
546 563 646 615 394,
666 563 720 602 15
749 559 1026 614 ‘spurcum
1057 558 1291 615 significat
1321 559 1573 603 obscenum
1596 561 1644 604 et
1665 559 1898 617 impurum

224 619 273 662 et
301 617 585 662 lutulentum
616 651 626 662 .
654 653 663 662 .
691 653 699 662 .
732 617 1015 674 Pomponius
1045 617 1332 664 Prostibuloz
1366 619 1504 674 quae’
1532 632 1569 663 e.
1596 633 1639 674 q.
1666 633 1700 664 s.

343 711 365 749 1
398 705 638 762 peditibus
672 720 751 750 ms.
781 705 1042 751 Casauboni
1078 705 1277 763 pedibus
1311 723 1346 763 φ
1491 712 1516 750 2
1554 721 1648 751 non
1683 708 1903 764 poterant
2011 687 2043 751 3²

222 767 308 821 (vel
336 779 591 820 numquam
620 765 795 808 nubere
823 765 829 824 Ι
855 766 1091 822 poterant)
1121 780 1155 811 a:
2027 771 2029 774 '

1017 934 1115 982 VH

225 1018 355 1082 Quis
401 1017 491 1071 hic
538 1019 656 1071 est‘?
728 1037 887 1087 quam
934 1018 1118 1071 obrem
1162 1019 1251 1071 hic
1295 1019 1542 1088 prostat?
1609 1020 1804 1072 rictum
1852 1022 1905 1071 et

1068 1107 1248 1160 labeas
1286 1125 1407 1160 cum
1446 1108 1721 1161 considero
1760 1139 1833 1145 —

343 1206 524 1250 Nonius
552 1212 653 1263 456,
681 1213 702 1250 1
741 1185 965 1251 ‘rictum
994 1209 1197 1252 ferarum
1228 1209 1321 1253 dici
1350 1209 1532 1264 uolunt,
1562 1223 1668 1253 cum
1697 1208 1900 1252 Titinius

227 1266 388 1309 auctor
434 1265 496 1309 sit
541 1266 685 1310 etiam
729 1266 929 1311 hominis
978 1267 1071 1311 dici
1118 1267 1285 1312 debere
1327 1303 1336 1312 .
1371 1305 1379 1313 .
1415 1305 1423 1313 .
1463 1268 1578 1312 item
1618 1267 1901 1324 Pomponius

223 1323 512 1370 Prostibulo:
545 1325 668 1381 quis’
697 1338 733 1370 e.
761 1340 803 1381 q.
831 1341 864 1370 s,

344 1414 449 1468 quis
480 1413 558 1457 hic
590 1415 661 1457 est
691 1415 778 1459 alii
801 1415 1071 1471 praeferant
1189 1415 1264 1459 hic
1296 1415 1487 1460 alterum
1516 1429 1741 1472 suprascr.
1767 1415 1811 1459 L

1000 1584 1125 1631 VIII

223 1665 407 1718 Iamne
459 1666 741 1719 abierunt?
817 1668 923 1719 iam
972 1686 1082 1720 non
1130 1668 1399 1720 tundunt?
1474 1668 1649 1720 iamne
1700 1686 1798 1739 ego
1849 1668 1905 1720 in

1287 1757 1407 1809 tuto
1446 1756 1612 1809 satis?

223 1841 448 1911 Nunqui
485 1841 574 1894 hic
621 1843 852 1913 restitat,
900 1843 993 1913 qui
1030 1844 1265 1896 nondum
1305 1844 1484 1896 labeas
1521 1843 1697 1896 lirari‘t
1733 1841 1904 1895 mihi?

342 1943 523 1987 Nonius
550 1948 618 2000 18,
647 1949 668 1986 1
702 1943 973 1988 ‘delirare
1005 1947 1077 1988 est
1108 1945 1166 1989 de
1196 1946 1323 1989 recto
1356 1944 1597 1990 decedere:
1630 1943 1747 1988 lera’
1775 1943 1904 2001 (lira

226 2002 429 2059 BLMP)
471 2003 562 2046 ‘est
603 2005 762 2046 autem
802 2003 929 2047 fossa
969 2006 1118 2061 recta,
1166 2018 1286 2060 quae
1329 2006 1490 2048 contra
1529 2017 1665 2061 agros
1703 2003 1902 2047 tuendos

229 2061 427 2116 ducitur,
461 2064 508 2105 et
537 2061 588 2104 in
626 2076 766 2117 quam
796 2062 926 2120 uligo
957 2065 1109 2107 terrae
1142 2063 1356 2108 decurrit.
1418 2062 1699 2120 Pomponius
1730 2061 1904 2106 Prosti-

226 2120 360 2165 bulo:
396 2119 551 2164 iamne
584 2157 592 2165 .
621 2157 629 2165 .
658 2157 666 2165 .
695 2157 703 2166 .
735 2120 882 2166 mihi?
934 2121 985 2165 id
1017 2124 1108 2178 est,
1141 2122 1432 2167 confoderit.’

348 2214 371 2252 1
406 2222 491 2266 ego
526 2209 709 2253 FH¹L
748 2223 834 2266 ego
875 2225 978 2253 sum
1015 2210 1279 2255 EH²PW
1310 2211 1466 2255 Vrbin.
1493 2215 1577 2254 307
1728 2214 1753 2252 2
1789 2223 1905 2252 nun—

228 2267 331 2323 quis
364 2285 399 2311 ω
488 2267 676 2312 restitat
705 2270 868 2325 scripsi
897 2268 1075 2313 resistit
1105 2287 1140 2313 ω
1171 2271 1320 2314 restat
1342 2271 1539 2315 Bothius
1626 2268 1788 2312 lerarit
1818 2266 1908 2313 W'

743 2451 966 2501 PYTHO
1007 2452 1388 2501 GORGONIVS

226 2605 275 2649 k·
346 2547 557 2651 Titillum
586 2547 683 2592 iam
708 2548 914 2606 Scaliger
947 2551 1021 2593 sat
1046 2548 1355 2606 probabiliter
1386 2548 1658 2606 explicavit:
1692 2549 1748 2594 cf.
1773 2549 1905 2592 Mun-

261 2621 333 2649 1us
363 2622 407 2663 p.
495 2643 504 2652 .

227 2709 289 2763 'O
327 2711 600 2765 hominem
638 2713 878 2783 beatum,
925 2732 1031 2782 quo
1070 2713 1194 2766 illae
1230 2713 1588 2783 peruenibunt
1627 2713 1866 2765 diuitiae!

345 2812 526 2856 Nonius
551 2817 650 2870 508,
674 2819 703 2856 4
730 2813 1142 2870 ‘peruenibunt
1197 2814 1479 2871 Pomponius
1501 2813 1743 2858 Pintone
1769 2812 1903 2857 Gor-

229 2870 422 2926 gonio:
453 2871 707 2916 hominem’
734 2886 771 2917 e.
797 2887 839 2928 q.
866 2886 899 2917 s,
933 2873 1204 2929 (Pythone
1229 2873 1437 2930 Scaliger
1512 2872 1769 2930 Gorgone
1800 2886 1829 2914 x

228 2928 596 2988 Pythogorgo
629 2930 745 2975 coni.
771 2931 1005 2989 Hertzius)
