2060 3140
810 113 1148 158 PRAEFATIO
1731 115 1818 159 VII

142 273 302 321 pauca
348 256 526 304 habeo:
579 255 796 317 primum
849 253 1028 302 calami
1081 254 1160 302 vel
1213 269 1389 315 operae
1440 254 1658 317 lapsum,
1714 270 1813 316 quo

139 332 236 380 vol.
267 331 293 377 I
330 347 376 392 p.
401 329 499 376 VII
545 328 662 376 anni
704 343 939 376 numerus
977 327 1134 375 falsus
1178 327 1317 375 1878
1357 327 1566 391 legitur⁷
1613 327 1701 389 qui
1740 330 1815 375 est

143 406 306 468 18883
360 405 469 450 tum
522 403 573 449 in
626 402 766 450 Accii
818 419 862 450 v.
897 403 965 450 37
1015 400 1293 449 seruitiis
1347 395 1470 465 (non
1525 394 1812 467 seruitas)

137 478 288 525 habet
325 477 387 540 L,
428 493 472 525 v.
502 478 601 523 121
646 475 728 523 sit
774 475 931 538 quod
967 467 1038 522 Η1
1079 468 1199 539 (11011
1237 466 1353 541 ΗΞ),
1399 476 1503 523 263
1544 474 1638 522 uti
1676 476 1812 523 extat

136 551 188 598 in
217 550 335 614 cod.,
367 552 426 597 ut
456 550 508 596 in
538 549 794 611 proecdosi
824 550 1128 597 notaveram.
1178 547 1388 610 denique
1414 547 1610 610 Turpili
1640 548 1812 596 fabula

135 624 176 672 E
187 624 449 686 picleros
487 623 796 671 inscribenda
835 624 956 686 erat,
995 638 1093 669 non
1130 621 1402 683 Epiclerus.

245 697 315 745 At
351 697 521 745 auxit
558 696 929 760 tragicorum
959 694 1196 756 reliquias
1229 695 1445 758 eleganti
1477 710 1624 743 sensu
1654 711 1812 757 nuper

134 771 188 819 L.
208 771 391 820 HAVET
423 763 615 837 (Revue
640 770 698 818 de
725 768 896 831 philol.
926 770 1063 817 1897
1091 768 1206 815 ΧΧΙ
1236 785 1285 830 p.
1306 761 1447 834 159).
1502 784 1617 816 nam
1643 767 1810 817 Cicero

135 845 193 892 de
224 845 423 907 harusp.
448 859 574 906 resp.
602 845 668 892 39
703 842 864 891 Clodii
895 842 1152 905 exagitans
1183 841 1378 906 flagitia
1406 858 1519 890 cum
1547 842 1668 890 haec
1698 858 1811 904 pro-

134 918 329 966 tulerit:
347 914 396 966 ‘a
416 917 490 965 dis
511 917 711 979 quidem
730 915 1094 965 immortalibus
1117 931 1243 977 quae
1263 917 1429 977 potest
1448 915 1637 964 homini
1653 916 1811 964 maior

134 1007 237 1040 esse
275 1007 436 1054 poena
473 992 639 1039 furore
676 991 827 1052 atque
860 988 1140 1038 dementia?
1179 988 1275 1037 nisi
1314 989 1441 1037 forte
1480 989 1532 1036 in
1570 990 1812 1053 tragoe-

135 1065 251 1112 diis
292 1080 415 1127 quos
453 1065 656 1113 vulnere
697 1079 754 1111 ac
786 1064 953 1112 dolore
993 1062 1211 1125 corporis
1248 1063 1457 1111 cruciari
1496 1065 1547 1111 et
1586 1063 1810 1112 consumi

133 1139 291 1202 vides⁷
345 1139 597 1202 graviores
643 1137 847 1186 deorum
892 1137 1251 1185 immortalium
1296 1136 1396 1184 iras
1445 1136 1608 1184 subire
1657 1152 1808 1199 quam

132 1212 268 1276 illos,
309 1213 396 1275 qui
434 1213 654 1260 furentes
693 1211 1016 1274 inducuntur,
1065 1212 1229 1273 putas.
1298 1227 1396 1259 non
1436 1212 1552 1258 sunt
1590 1210 1666 1257 illi
1705 1210 1807 1258 eiu-

131 1286 265 1334 latus
305 1288 355 1334 et
393 1286 610 1350 gemitus
641 1285 950 1334 Philoctetae
988 1287 1094 1332 tam
1131 1284 1312 1348 miseri,
1353 1300 1659 1346 quamquam
1690 1287 1807 1332 sunt

134 1360 320 1423 acerbi,
369 1375 521 1422 quam
558 1359 648 1407 illa
687 1358 928 1407 exultatio
967 1358 1287 1406 Athamantis
1326 1360 1376 1406 et
1422 1374 1574 1420 quam
1616 1358 1810 1406 senium

132 1433 520 1482 matricidamm.
573 1434 647 1496 tu,
680 1449 793 1481 cum
823 1432 1028 1480 furiales
1059 1432 1111 1479 in
1143 1431 1454 1480 contionibus
1477 1446 1621 1481 voces
1648 1431 1807 1479 mittis

136 1544 322 1555 .....
366 1508 476 1555 tum
520 1507 795 1570 baccharis,
841 1508 952 1554 tum
994 1506 1140 1569 furis⁷
1187 1508 1296 1553 tum
1342 1506 1430 1553 das
1479 1521 1561 1554 eas
1607 1520 1806 1569 poenas,

135 1596 261 1643 quae
294 1581 426 1629 solae
467 1583 585 1628 sunt
621 1580 880 1629 hominum
919 1579 1090 1628 sceleri
1122 1595 1151 1627 a
1183 1579 1257 1627 dis
1296 1579 1662 1628 immortalibus
1695 1595 1808 1628 con-

135 1654 355 1703 stitutae.
433 1670 548 1702 nam
595 1654 812 1716 corporis
859 1654 1060 1716 quidem
1105 1653 1262 1702 nostri
1311 1653 1571 1701 infirmitas
1620 1654 1806 1701 multos

137 1727 270 1776 subit
308 1743 451 1776 casus
490 1744 578 1790 per
616 1743 687 1792 se,
736 1728 946 1790 denique
993 1727 1158 1789 ipsum
1197 1742 1374 1790 corpus
1417 1727 1709 1775 tenuissima
1748 1726 1805 1774 de

137 1816 288 1849 causa
306 1817 449 1863 saepe
468 1801 738 1850 conficitur.
785 1801 1024 1850 deorum
1055 1802 1179 1849 tela
1210 1801 1270 1848 in
1301 1801 1620 1863 impiorum
1650 1816 1805 1848 men-

133 1875 299 1924 tibus
345 1871 662 1939 figuntur',
707 1875 828 1923 haec
874 1874 1053 1922 ultima
1091 1875 1309 1922 numeris
1349 1875 1417 1922 sic
1457 1874 1805 1936 comprehensa

400 2034 411 2043 ,
446 1972 667 2026 Deorum
705 1978 807 2026 tela
845 1977 896 2025 in
935 1974 1201 2039 impiorum
1241 1973 1488 2024 mentibus

447 2047 696 2115 Figuntur

135 2148 420 2212 tragoediae
445 2147 717 2196 vindicavit
739 2148 977 2196 Havetus.
1023 2162 1327 2209 quamquam
1349 2146 1644 2194 Athamanti
1667 2145 1806 2194 Accii

133 2237 222 2270 cur
263 2221 551 2269 tribuantur
587 2237 676 2270 nec
722 2221 774 2268 in
819 2221 939 2283 ipsis
978 2220 1140 2269 verbis
1179 2235 1331 2268 causa
1368 2221 1474 2267 ulla
1513 2222 1587 2268 est
1624 2235 1713 2268 nec
1750 2219 1803 2267 in

133 2297 424 2359 argumento
456 2295 655 2343 fabulae
686 2295 837 2359 illius⁷
874 2311 903 2342 a
935 2310 1032 2356 quo
1064 2293 1285 2342 insaniae
1316 2295 1623 2342 momentum
1652 2294 1798 2355 plane

134 2369 351 2417 alienum
388 2369 541 2417 fuisse
580 2369 790 2418 videtur.

242 2442 358 2504 Ipsa
390 2458 564 2491 scaena
594 2442 788 2506 tragica
818 2442 1220 2504 repraesentatur
1250 2440 1301 2487 in
1333 2441 1616 2504 anaglypho
1640 2439 1802 2487 Arau-

134 2515 263 2563 sensi
310 2509 537 2582 (Gazette
585 2511 792 2564 archeol.
835 2515 958 2563 XIII
1010 2532 1057 2577 p.
1096 2516 1161 2563 66
1211 2514 1309 2561 tab.
1345 2507 1487 2580 XII):
1541 2513 1800 2562 altercatio

133 2589 368 2636 nimirum
417 2589 546 2637 inter
589 2590 851 2638 Herculem
906 2591 956 2637 et
999 2588 1230 2651 Martem,
1286 2603 1498 2649 quorum
1549 2588 1665 2636 huic
1719 2587 1802 2636 ad-

139 2662 350 2724 scriptus
390 2668 465 2711 est
503 2663 724 2712 senarius

464 2753 647 2806 Adesse
684 2758 898 2806 ultorem
936 2752 1038 2804 nati
1075 2771 1152 2804 me
1192 2751 1357 2804 credas
1395 2755 1492 2804 mei

133 2831 209 2878 illi
246 2832 453 2880 mutilus

517 2943 526 2952 .
567 2944 577 2954 .
615 2904 775 2953 virtus
814 2899 1057 2965 nusquam
1096 2899 1272 2951 terreri
1309 2905 1475 2965 potest
