<?xml version="1.0" encoding="UTF-8"?>
<!DOCTYPE html PUBLIC "-//W3C//DTD XHTML 1.0 Transitional//EN"
    "http://www.w3.org/TR/xhtml1/DTD/xhtml1-transitional.dtd">
<html xmlns="http://www.w3.org/1999/xhtml" xml:lang="en" lang="en">
 <head>
  <title>
</title>
<meta http-equiv="Content-Type" content="text/html;charset=utf-8" />
  <meta name='ocr-system' content='tesseract 3.04.00' />
  <meta name='ocr-capabilities' content='ocr_page ocr_carea ocr_par ocr_line ocrx_word'/>
</head>
<body>
  <div class='ocr_page' id='page_1' title='image "./scaenicaeromanor02ribbuoft_0141.png"; bbox 0 0 2060 3140; ppageno 0'>
   <div class='ocr_carea' id='block_1_1' title="bbox 672 133 1798 186">
    <p class='ocr_par' dir='ltr' id='par_1_1' title="bbox 672 133 1798 186">
     <span class='ocr_line' id='line_1_1' title="bbox 672 133 1798 186; baseline 0.004 -4"><span class='ocrx_word' id='word_1_1' title='bbox 672 136 900 182; x_wconf 86' lang='lat' dir='ltr'><strong>SEXTVS</strong></span> <span class='ocrx_word' id='word_1_2' title='bbox 931 135 1246 182; x_wconf 82' lang='lat' dir='ltr'><strong>TVRPILIVS</strong></span> <span class='ocrx_word' id='word_1_3' title='bbox 1693 133 1798 186; x_wconf 80' lang='grc'>129</span> 
     </span>
    </p>
   </div>
   <div class='ocr_carea' id='block_1_2' title="bbox 121 276 1800 644">
    <p class='ocr_par' dir='ltr' id='par_1_2' title="bbox 121 276 1800 644">
     <span class='ocr_line' id='line_1_2' title="bbox 910 276 1008 324; baseline 0 0"><span class='ocrx_word' id='word_1_4' title='bbox 910 276 1008 324; x_wconf 88' lang='lat' dir='ltr'>VII</span> 
     </span>
     <span class='ocr_line' id='line_1_3' title="bbox 121 351 1798 424; baseline -0.003 -18"><span class='ocrx_word' id='word_1_5' title='bbox 121 351 254 424; x_wconf 86' lang='lat' dir='ltr'>&#39;Age</span> <span class='ocrx_word' id='word_1_6' title='bbox 311 370 407 423; x_wconf 85' lang='lat' dir='ltr'>age</span> <span class='ocrx_word' id='word_1_7' title='bbox 466 352 733 423; x_wconf 80' lang='lat' dir='ltr'>egredere,</span> <span class='ocrx_word' id='word_1_8' title='bbox 795 356 954 422; x_wconf 90' lang='lat' dir='ltr'>atque</span> <span class='ocrx_word' id='word_1_9' title='bbox 1014 352 1155 406; x_wconf 79' lang='lat' dir='ltr'>istuc</span> <span class='ocrx_word' id='word_1_10' title='bbox 1214 353 1421 405; x_wconf 87' lang='lat' dir='ltr'>utinam</span> <span class='ocrx_word' id='word_1_11' title='bbox 1481 351 1798 421; x_wconf 74' lang='lat' dir='ltr'>perpetuum</span> 
     </span>
     <span class='ocr_line' id='line_1_4' title="bbox 1090 439 1523 494; baseline -0.005 0"><span class='ocrx_word' id='word_1_12' title='bbox 1090 441 1252 494; x_wconf 90' lang='lat' dir='ltr'>itiner</span> <span class='ocrx_word' id='word_1_13' title='bbox 1290 440 1362 493; x_wconf 83' lang='lat' dir='ltr'>sit</span> <span class='ocrx_word' id='word_1_14' title='bbox 1399 439 1523 493; x_wconf 82' lang='lat' dir='ltr'>tibi!</span> 
     </span>
     <span class='ocr_line' id='line_1_5' title="bbox 240 525 1800 584; baseline -0.001 -14"><span class='ocrx_word' id='word_1_15' title='bbox 240 525 421 570; x_wconf 88' lang='lat' dir='ltr'>Nonius</span> <span class='ocrx_word' id='word_1_16' title='bbox 452 531 553 583; x_wconf 83' lang='lat'>482,</span> <span class='ocrx_word' id='word_1_17' title='bbox 588 531 643 570; x_wconf 81' lang='lat'>29</span> <span class='ocrx_word' id='word_1_18' title='bbox 680 526 882 571; x_wconf 84' lang='lat' dir='ltr'>‘itiner</span> <span class='ocrx_word' id='word_1_19' title='bbox 912 527 1089 571; x_wconf 86' lang='lat' dir='ltr'>dietum</span> <span class='ocrx_word' id='word_1_20' title='bbox 1119 541 1202 584; x_wconf 90' lang='lat' dir='ltr'>pro</span> <span class='ocrx_word' id='word_1_21' title='bbox 1234 527 1323 571; x_wconf 89' lang='lat' dir='ltr'>iter</span> <span class='ocrx_word' id='word_1_22' title='bbox 1356 564 1364 571; x_wconf 91' lang='lat'>.</span> <span class='ocrx_word' id='word_1_23' title='bbox 1393 563 1401 571; x_wconf 95' lang='lat'><strong>.</strong></span> <span class='ocrx_word' id='word_1_24' title='bbox 1429 562 1438 572; x_wconf 89' lang='lat'><strong>.</strong></span> <span class='ocrx_word' id='word_1_25' title='bbox 1467 527 1494 570; x_wconf 89' lang='lat'>.’</span> <span class='ocrx_word' id='word_1_26' title='bbox 1558 527 1800 584; x_wconf 90' lang='lat' dir='ltr'>(transe-</span> 
     </span>
     <span class='ocr_line' id='line_1_6' title="bbox 121 585 961 644; baseline 0.002 -16"><span class='ocrx_word' id='word_1_27' title='bbox 121 585 360 629; x_wconf 90' lang='lat' dir='ltr'>leoonea</span> <span class='ocrx_word' id='word_1_28' title='bbox 391 585 460 629; x_wconf 94' lang='lat' dir='ltr'>Ba</span> <span class='ocrx_word' id='word_1_29' title='bbox 491 585 855 630; x_wconf 90' lang='lat' dir='ltr'>traseoleone</span> <span class='ocrx_word' id='word_1_30' title='bbox 885 587 961 644; x_wconf 66' lang='lat' dir='ltr'>Li)</span> 
     </span>
    </p>
   </div>
   <div class='ocr_carea' id='block_1_3' title="bbox 118 658 1802 822">
    <p class='ocr_par' dir='ltr' id='par_1_3' title="bbox 118 658 1802 822">
     <span class='ocr_line' id='line_1_7' title="bbox 239 658 1797 717; baseline 0.001 -16"><span class='ocrx_word' id='word_1_31' title='bbox 239 658 362 702; x_wconf 85' lang='lat' dir='ltr'>istuc</span> <span class='ocrx_word' id='word_1_32' title='bbox 401 658 583 702; x_wconf 90' lang='lat' dir='ltr'>utinam</span> <span class='ocrx_word' id='word_1_33' title='bbox 622 659 819 704; x_wconf 81' lang='lat' dir='ltr'>Bothius</span> <span class='ocrx_word' id='word_1_34' title='bbox 855 659 1039 704; x_wconf 91' lang='lat' dir='ltr'>utinam</span> <span class='ocrx_word' id='word_1_35' title='bbox 1076 660 1197 704; x_wconf 85' lang='lat' dir='ltr'>istuc</span> <span class='ocrx_word' id='word_1_36' title='bbox 1236 677 1293 715; x_wconf 87' lang='grc' dir='ltr'>ω,</span> <span class='ocrx_word' id='word_1_37' title='bbox 1333 660 1453 717; x_wconf 75' lang='lat' dir='ltr'>quod</span> <span class='ocrx_word' id='word_1_38' title='bbox 1489 659 1596 704; x_wconf 82' lang='lat' dir='ltr'>olim</span> <span class='ocrx_word' id='word_1_39' title='bbox 1625 663 1678 703; x_wconf 70' lang='lat' dir='ltr'>‘at</span> <span class='ocrx_word' id='word_1_40' title='bbox 1707 672 1797 703; x_wconf 84' lang='lat' dir='ltr'>ser-</span> 
     </span>
     <span class='ocr_line' id='line_1_8' title="bbox 118 716 1802 822; baseline -0.001 -60"><span class='ocrx_word' id='word_1_41' title='bbox 118 719 483 821; x_wconf 50' lang='lat' dir='ltr'>vzrengjrcitiuivg</span> <span class='ocrx_word' id='word_1_42' title='bbox 501 732 654 822; x_wconf 64' lang='lat' dir='ltr'>vert-sus</span> <span class='ocrx_word' id='word_1_43' title='bbox 678 719 888 764; x_wconf 62' lang='lat' dir='ltr'>”rutilum</span> <span class='ocrx_word' id='word_1_44' title='bbox 909 724 1168 765; x_wconf 80' lang='lat' dir='ltr'><strong><em>statueram.</em></strong></span> <span class='ocrx_word' id='word_1_45' title='bbox 1217 718 1338 763; x_wconf 86' lang='lat' dir='ltr'>istuc</span> <span class='ocrx_word' id='word_1_46' title='bbox 1360 720 1636 776; x_wconf 88' lang='lat' dir='ltr'>perpetuum</span> <span class='ocrx_word' id='word_1_47' title='bbox 1658 716 1802 761; x_wconf 86' lang='lat' dir='ltr'>itiner</span> 
     </span>
     <span class='ocr_line' id='line_1_9' title="bbox 119 790 558 822; baseline 0.007 -3"><span class='ocrx_word' id='word_1_48' title='bbox 119 791 161 820; x_wconf 76' lang='lat' dir='ltr'>si</span> <span class='ocrx_word' id='word_1_49' title='bbox 213 791 244 820; x_wconf 93' lang='lat' dir='ltr'>u</span> <span class='ocrx_word' id='word_1_50' title='bbox 268 790 395 820; x_wconf 79' lang='lat' dir='ltr'>inam</span> <span class='ocrx_word' id='word_1_51' title='bbox 478 792 558 822; x_wconf 84' lang='lat' dir='ltr'>ave</span> 
     </span>
    </p>
   </div>
   <div class='ocr_carea' id='block_1_4' title="bbox 119 906 1268 995">
    <p class='ocr_par' dir='ltr' id='par_1_4' title="bbox 119 906 1268 995">
     <span class='ocr_line' id='line_1_10' title="bbox 119 906 1268 995; baseline -0.002 -15"><span class='ocrx_word' id='word_1_52' title='bbox 119 926 442 995; x_wconf 78' lang='lat' dir='ltr'>Nobilitate,</span> <span class='ocrx_word' id='word_1_53' title='bbox 479 926 708 978; x_wconf 77' lang='lat' dir='ltr'>factione</span> <span class='ocrx_word' id='word_1_54' title='bbox 747 925 916 978; x_wconf 77' lang='lat' dir='ltr'>fretus</span> <span class='ocrx_word' id='word_1_55' title='bbox 954 906 1268 979; x_wconf 72' lang='lat' dir='ltr'>interdicere</span> 
     </span>
    </p>
   </div>
   <div class='ocr_carea' id='block_1_5' title="bbox 120 1025 1800 1132">
    <p class='ocr_par' dir='ltr' id='par_1_5' title="bbox 120 1025 1800 1132">
     <span class='ocr_line' id='line_1_11' title="bbox 237 1025 1800 1084; baseline -0.001 -14"><span class='ocrx_word' id='word_1_56' title='bbox 237 1025 417 1071; x_wconf 87' lang='lat' dir='ltr'>Nonius</span> <span class='ocrx_word' id='word_1_57' title='bbox 436 1030 535 1083; x_wconf 89' lang='lat'>304,</span> <span class='ocrx_word' id='word_1_58' title='bbox 554 1031 610 1069; x_wconf 83' lang='lat'>26</span> <span class='ocrx_word' id='word_1_59' title='bbox 645 1026 850 1070; x_wconf 77' lang='lat' dir='ltr'>‘factio</span> <span class='ocrx_word' id='word_1_60' title='bbox 882 1026 1052 1070; x_wconf 87' lang='lat' dir='ltr'>iterum</span> <span class='ocrx_word' id='word_1_61' title='bbox 1076 1026 1310 1084; x_wconf 84' lang='lat' dir='ltr'>significat</span> <span class='ocrx_word' id='word_1_62' title='bbox 1333 1025 1634 1083; x_wconf 74' lang='lat' dir='ltr'>opulentiam,</span> <span class='ocrx_word' id='word_1_63' title='bbox 1653 1025 1800 1070; x_wconf 88' lang='lat' dir='ltr'>abun-</span> 
     </span>
     <span class='ocr_line' id='line_1_12' title="bbox 120 1084 950 1132; baseline 0.001 -3"><span class='ocrx_word' id='word_1_64' title='bbox 120 1084 334 1129; x_wconf 85' lang='lat' dir='ltr'>dantiam</span> <span class='ocrx_word' id='word_1_65' title='bbox 365 1087 413 1129; x_wconf 93' lang='lat' dir='ltr'>et</span> <span class='ocrx_word' id='word_1_66' title='bbox 442 1084 742 1129; x_wconf 74' lang='lat' dir='ltr'>nobilitatem</span> <span class='ocrx_word' id='word_1_67' title='bbox 774 1122 930 1132; x_wconf 89' lang='grc'><strong>.....</strong></span> <span class='ocrx_word' id='word_1_68' title='bbox 936 1086 950 1107; x_wconf 84' lang='grc'><strong><em>’</em></strong></span> 
     </span>
    </p>
   </div>
   <div class='ocr_carea' id='block_1_6' title="bbox 119 1158 1799 1332">
    <p class='ocr_par' dir='ltr' id='par_1_6' title="bbox 119 1158 1799 1332">
     <span class='ocr_line' id='line_1_13' title="bbox 238 1158 1799 1205; baseline -0.001 -2"><span class='ocrx_word' id='word_1_69' title='bbox 238 1158 488 1203; x_wconf 88' lang='lat' dir='ltr'>nobilitate</span> <span class='ocrx_word' id='word_1_70' title='bbox 519 1158 724 1203; x_wconf 83' lang='lat' dir='ltr'>faotione</span> <span class='ocrx_word' id='word_1_71' title='bbox 755 1173 838 1204; x_wconf 89' lang='lat' dir='ltr'>om.</span> <span class='ocrx_word' id='word_1_72' title='bbox 871 1159 1056 1204; x_wconf 63' lang='grc' dir='ltr'>ΒΘῐΗ1</span> <span class='ocrx_word' id='word_1_73' title='bbox 1144 1158 1394 1203; x_wconf 87' lang='lat' dir='ltr'>nobilitate</span> <span class='ocrx_word' id='word_1_74' title='bbox 1425 1160 1598 1205; x_wconf 79' lang='lat' dir='ltr'>anias</span> <span class='ocrx_word' id='word_1_75' title='bbox 1626 1158 1799 1204; x_wconf 83' lang='lat' dir='ltr'>nouili-</span> 
     </span>
     <span class='ocr_line' id='line_1_14' title="bbox 119 1217 993 1332; baseline -0.002 -69"><span class='ocrx_word' id='word_1_76' title='bbox 119 1220 219 1263; x_wconf 86' lang='lat' dir='ltr'>tate</span> <span class='ocrx_word' id='word_1_77' title='bbox 250 1236 286 1263; x_wconf 86' lang='grc' dir='ltr'>ω</span> <span class='ocrx_word' id='word_1_78' title='bbox 405 1217 695 1262; x_wconf 83' lang='lat' dir='ltr'>interducere</span> <span class='ocrx_word' id='word_1_79' title='bbox 726 1219 772 1262; x_wconf 89' lang='lat' dir='ltr'><strong><em>B</em></strong></span> <span class='ocrx_word' id='word_1_80' title='bbox 921 1285 993 1332; x_wconf 81' lang='lat' dir='ltr'>IX</span> 
     </span>
    </p>
   </div>
   <div class='ocr_carea' id='block_1_7' title="bbox 178 1360 1798 1430">
    <p class='ocr_par' dir='ltr' id='par_1_7' title="bbox 178 1360 1798 1430">
     <span class='ocr_line' id='line_1_15' title="bbox 178 1360 1798 1430; baseline 0 -17"><span class='ocrx_word' id='word_1_81' title='bbox 178 1404 187 1413; x_wconf 92' lang='lat'><strong>.</strong></span> <span class='ocrx_word' id='word_1_82' title='bbox 229 1379 349 1414; x_wconf 86' lang='lat' dir='ltr'>eum</span> <span class='ocrx_word' id='word_1_83' title='bbox 388 1361 590 1413; x_wconf 88' lang='lat' dir='ltr'>interea</span> <span class='ocrx_word' id='word_1_84' title='bbox 635 1360 715 1414; x_wconf 87' lang='lat' dir='ltr'>nss</span> <span class='ocrx_word' id='word_1_85' title='bbox 753 1361 1038 1430; x_wconf 86' lang='lat' dir='ltr'>quiequam</span> <span class='ocrx_word' id='word_1_86' title='bbox 1076 1380 1108 1414; x_wconf 89' lang='lat' dir='ltr'>a</span> <span class='ocrx_word' id='word_1_87' title='bbox 1145 1379 1230 1414; x_wconf 92' lang='lat' dir='ltr'>me</span> <span class='ocrx_word' id='word_1_88' title='bbox 1270 1364 1350 1414; x_wconf 89' lang='lat' dir='ltr'>est</span> <span class='ocrx_word' id='word_1_89' title='bbox 1386 1361 1589 1430; x_wconf 76' lang='lat' dir='ltr'>praemi</span> <span class='ocrx_word' id='word_1_90' title='bbox 1625 1379 1798 1430; x_wconf 91' lang='lat' dir='ltr'>neque</span> 
     </span>
    </p>
   </div>
   <div class='ocr_carea' id='block_1_8' title="bbox 119 1450 1889 1594">
    <p class='ocr_par' dir='ltr' id='par_1_8' title="bbox 119 1450 1889 1594">
     <span class='ocr_line' id='line_1_16' title="bbox 1092 1450 1458 1503; baseline 0 -1"><span class='ocrx_word' id='word_1_91' title='bbox 1092 1450 1298 1502; x_wconf 70' lang='lat' dir='ltr'>fruetus</span> <span class='ocrx_word' id='word_1_92' title='bbox 1336 1453 1458 1503; x_wconf 89' lang='lat' dir='ltr'>tuae</span> 
     </span>
     <span class='ocr_line' id='line_1_17' title="bbox 119 1523 1889 1594; baseline 0 -19"><span class='ocrx_word' id='word_1_93' title='bbox 119 1523 455 1594; x_wconf 80' lang='lat' dir='ltr'>Benignitati</span> <span class='ocrx_word' id='word_1_94' title='bbox 494 1526 653 1592; x_wconf 87' lang='lat' dir='ltr'>atque</span> <span class='ocrx_word' id='word_1_95' title='bbox 693 1523 1042 1593; x_wconf 77' lang='lat' dir='ltr'>obsequellae.</span> <span class='ocrx_word' id='word_1_96' title='bbox 1800 1535 1889 1576; x_wconf 81' lang='lat'>210</span> 
     </span>
    </p>
   </div>
   <div class='ocr_carea' id='block_1_9' title="bbox 119 1622 1799 1798">
    <p class='ocr_par' dir='ltr' id='par_1_9' title="bbox 119 1622 1799 1798">
     <span class='ocr_line' id='line_1_18' title="bbox 239 1622 1798 1681; baseline 0.001 -15"><span class='ocrx_word' id='word_1_97' title='bbox 239 1622 420 1667; x_wconf 89' lang='lat' dir='ltr'>Nonius</span> <span class='ocrx_word' id='word_1_98' title='bbox 437 1627 537 1679; x_wconf 83' lang='lat'>215,</span> <span class='ocrx_word' id='word_1_99' title='bbox 554 1628 611 1667; x_wconf 88' lang='lat'>30</span> <span class='ocrx_word' id='word_1_100' title='bbox 638 1623 996 1679; x_wconf 85' lang='lat' dir='ltr'>‘obsequium</span> <span class='ocrx_word' id='word_1_101' title='bbox 1018 1626 1183 1669; x_wconf 90' lang='lat' dir='ltr'>neutro</span> <span class='ocrx_word' id='word_1_102' title='bbox 1201 1638 1368 1681; x_wconf 89' lang='lat' dir='ltr'>genere</span> <span class='ocrx_word' id='word_1_103' title='bbox 1459 1623 1798 1680; x_wconf 74' lang='lat' dir='ltr'>obsequella</span> 
     </span>
     <span class='ocr_line' id='line_1_19' title="bbox 119 1682 1799 1741; baseline 0.001 -15"><span class='ocrx_word' id='word_1_104' title='bbox 119 1682 364 1726; x_wconf 87' lang='lat' dir='ltr'>feminino’</span> <span class='ocrx_word' id='word_1_105' title='bbox 411 1682 809 1739; x_wconf 71' lang='lat' dir='ltr'>(obsequentia</span> <span class='ocrx_word' id='word_1_106' title='bbox 838 1683 1052 1741; x_wconf 91' lang='lat' dir='ltr'>Bothius)</span> <span class='ocrx_word' id='word_1_107' title='bbox 1086 1720 1095 1727; x_wconf 93' lang='lat'><em>.</em></span> <span class='ocrx_word' id='word_1_108' title='bbox 1123 1720 1132 1728; x_wconf 93' lang='lat'><strong>.</strong></span> <span class='ocrx_word' id='word_1_109' title='bbox 1160 1720 1169 1728; x_wconf 90' lang='lat'><strong>.</strong></span> <span class='ocrx_word' id='word_1_110' title='bbox 1201 1683 1436 1740; x_wconf 85' lang='lat' dir='ltr'>Turpilius</span> <span class='ocrx_word' id='word_1_111' title='bbox 1468 1682 1679 1740; x_wconf 88' lang='lat' dir='ltr'>Epielero</span> <span class='ocrx_word' id='word_1_112' title='bbox 1714 1720 1723 1729; x_wconf 92' lang='lat'><strong>.</strong></span> <span class='ocrx_word' id='word_1_113' title='bbox 1750 1720 1760 1727; x_wconf 90' lang='lat'><strong>.</strong></span> <span class='ocrx_word' id='word_1_114' title='bbox 1787 1719 1799 1728; x_wconf 87' lang='lat'><strong>.</strong></span> 
     </span>
     <span class='ocr_line' id='line_1_20' title="bbox 121 1741 1032 1798; baseline 0.002 -14"><span class='ocrx_word' id='word_1_115' title='bbox 121 1742 248 1785; x_wconf 87' lang='lat' dir='ltr'>idem</span> <span class='ocrx_word' id='word_1_116' title='bbox 278 1741 675 1787; x_wconf 87' lang='lat' dir='ltr'>Thrasileone:</span> <span class='ocrx_word' id='word_1_117' title='bbox 709 1743 830 1785; x_wconf 87' lang='lat' dir='ltr'>oum&#39;</span> <span class='ocrx_word' id='word_1_118' title='bbox 866 1756 902 1786; x_wconf 94' lang='lat' dir='ltr'>e.</span> <span class='ocrx_word' id='word_1_119' title='bbox 929 1757 971 1798; x_wconf 92' lang='lat' dir='ltr'>q.</span> <span class='ocrx_word' id='word_1_120' title='bbox 998 1757 1032 1786; x_wconf 89' lang='lat' dir='ltr'>s.</span> 
     </span>
    </p>
   </div>
   <div class='ocr_carea' id='block_1_10' title="bbox 119 1814 1800 2048">
    <p class='ocr_par' dir='ltr' id='par_1_10' title="bbox 119 1814 1800 2048">
     <span class='ocr_line' id='line_1_21' title="bbox 243 1814 1800 1873; baseline 0.002 -16"><span class='ocrx_word' id='word_1_121' title='bbox 243 1820 265 1858; x_wconf 91' lang='lat'>1</span> <span class='ocrx_word' id='word_1_122' title='bbox 299 1814 420 1858; x_wconf 86' lang='lat' dir='ltr'>nihil</span> <span class='ocrx_word' id='word_1_123' title='bbox 452 1832 486 1858; x_wconf 90' lang='grc' dir='ltr'><em>ω</em></span> <span class='ocrx_word' id='word_1_124' title='bbox 575 1815 773 1872; x_wconf 90' lang='lat' dir='ltr'>praemii</span> <span class='ocrx_word' id='word_1_125' title='bbox 804 1833 838 1859; x_wconf 90' lang='grc' dir='ltr'><strong>ω</strong></span> <span class='ocrx_word' id='word_1_126' title='bbox 944 1815 1121 1860; x_wconf 85' lang='lat' dir='ltr'>fructus</span> <span class='ocrx_word' id='word_1_127' title='bbox 1145 1818 1308 1873; x_wconf 79' lang='lat' dir='ltr'>scripsi</span> <span class='ocrx_word' id='word_1_128' title='bbox 1339 1818 1439 1860; x_wconf 90' lang='lat' dir='ltr'>erat</span> <span class='ocrx_word' id='word_1_129' title='bbox 1469 1833 1503 1860; x_wconf 90' lang='grc' dir='ltr'><em>ω</em></span> <span class='ocrx_word' id='word_1_130' title='bbox 1611 1822 1637 1860; x_wconf 83' lang='grc'><strong>2</strong></span> <span class='ocrx_word' id='word_1_131' title='bbox 1667 1816 1800 1861; x_wconf 89' lang='lat' dir='ltr'>beni-</span> 
     </span>
     <span class='ocr_line' id='line_1_22' title="bbox 119 1873 1800 1931; baseline 0.002 -14"><span class='ocrx_word' id='word_1_132' title='bbox 119 1873 298 1931; x_wconf 81' lang='lat' dir='ltr'>gnitati</span> <span class='ocrx_word' id='word_1_133' title='bbox 327 1888 360 1918; x_wconf 67' lang='grc' dir='ltr'>ω</span> <span class='ocrx_word' id='word_1_134' title='bbox 390 1873 697 1931; x_wconf 78' lang='lat' dir='ltr'>benignitatis</span> <span class='ocrx_word' id='word_1_135' title='bbox 730 1892 787 1931; x_wconf 89' lang='grc' dir='ltr'>ω,</span> <span class='ocrx_word' id='word_1_136' title='bbox 819 1876 906 1930; x_wconf 78' lang='lat' dir='ltr'>def.</span> <span class='ocrx_word' id='word_1_137' title='bbox 939 1875 1033 1920; x_wconf 87' lang='lat' dir='ltr'>Leo</span> <span class='ocrx_word' id='word_1_138' title='bbox 1063 1876 1135 1919; x_wconf 84' lang='lat' dir='ltr'>Pl.</span> <span class='ocrx_word' id='word_1_139' title='bbox 1171 1876 1227 1919; x_wconf 87' lang='lat' dir='ltr'>F.</span> <span class='ocrx_word' id='word_1_140' title='bbox 1261 1880 1348 1919; x_wconf 81' lang='lat'>286</span> <span class='ocrx_word' id='word_1_141' title='bbox 1467 1875 1800 1931; x_wconf 86' lang='lat' dir='ltr'>obsequentiae</span> 
     </span>
     <span class='ocr_line' id='line_1_23' title="bbox 123 1932 1800 1992; baseline 0.001 -15"><span class='ocrx_word' id='word_1_142' title='bbox 123 1934 322 1978; x_wconf 77' lang='lat' dir='ltr'>Bothius</span> <span class='ocrx_word' id='word_1_143' title='bbox 381 1932 666 1990; x_wconf 73' lang='lat' dir='ltr'>Septenarios</span> <span class='ocrx_word' id='word_1_144' title='bbox 696 1935 910 1979; x_wconf 75' lang='lat' dir='ltr'>iambicos</span> <span class='ocrx_word' id='word_1_145' title='bbox 939 1933 1117 1990; x_wconf 76' lang='lat' dir='ltr'>praemi</span> <span class='ocrx_word' id='word_1_146' title='bbox 1146 1934 1309 1990; x_wconf 89' lang='lat' dir='ltr'>Neque</span> <span class='ocrx_word' id='word_1_147' title='bbox 1341 1935 1466 1990; x_wconf 80' lang='lat' dir='ltr'>erat,</span> <span class='ocrx_word' id='word_1_148' title='bbox 1498 1936 1608 1978; x_wconf 87' lang='lat' dir='ltr'>tuae</span> <span class='ocrx_word' id='word_1_149' title='bbox 1639 1948 1673 1980; x_wconf 92' lang='lat' dir='ltr'>e.</span> <span class='ocrx_word' id='word_1_150' title='bbox 1699 1949 1739 1992; x_wconf 78' lang='lat' dir='ltr'>q.</span> <span class='ocrx_word' id='word_1_151' title='bbox 1763 1949 1800 1980; x_wconf 78' lang='lat' dir='ltr'>s.</span> 
     </span>
     <span class='ocr_line' id='line_1_24' title="bbox 119 1993 831 2048; baseline -0.001 -11"><span class='ocrx_word' id='word_1_152' title='bbox 119 1993 400 2037; x_wconf 72' lang='lat' dir='ltr'>commendat</span> <span class='ocrx_word' id='word_1_153' title='bbox 429 1993 552 2048; x_wconf 76' lang='lat' dir='ltr'>Bae,</span> <span class='ocrx_word' id='word_1_154' title='bbox 581 1993 685 2048; x_wconf 80' lang='lat' dir='ltr'>fort.</span> <span class='ocrx_word' id='word_1_155' title='bbox 718 1998 831 2038; x_wconf 82' lang='lat' dir='ltr'>recte</span> 
     </span>
    </p>
   </div>
   <div class='ocr_carea' id='block_1_11' title="bbox 122 2141 1805 2373">
    <p class='ocr_par' dir='ltr' id='par_1_11' title="bbox 122 2141 1805 2373">
     <span class='ocr_line' id='line_1_25' title="bbox 122 2141 1805 2212; baseline 0.001 -18"><span class='ocrx_word' id='word_1_156' title='bbox 122 2141 244 2195; x_wconf 85' lang='lat' dir='ltr'>Hoc</span> <span class='ocrx_word' id='word_1_157' title='bbox 296 2145 351 2194; x_wconf 90' lang='lat' dir='ltr'>te</span> <span class='ocrx_word' id='word_1_158' title='bbox 405 2142 522 2212; x_wconf 85' lang='lat' dir='ltr'>6ro,</span> <span class='ocrx_word' id='word_1_159' title='bbox 575 2146 636 2194; x_wconf 88' lang='lat' dir='ltr'>ut</span> <span class='ocrx_word' id='word_1_160' title='bbox 689 2142 833 2195; x_wconf 90' lang='lat' dir='ltr'>illius</span> <span class='ocrx_word' id='word_1_161' title='bbox 884 2143 1288 2195; x_wconf 78' lang='lat' dir='ltr'>conmisereseas</span> <span class='ocrx_word' id='word_1_162' title='bbox 1334 2143 1614 2197; x_wconf 87' lang='lat' dir='ltr'>miserulae</span> <span class='ocrx_word' id='word_1_163' title='bbox 1661 2143 1805 2196; x_wconf 86' lang='lat' dir='ltr'>orbi-</span> 
     </span>
     <span class='ocr_line' id='line_1_26' title="bbox 1095 2231 1791 2292; baseline 0.001 -10"><span class='ocrx_word' id='word_1_164' title='bbox 1095 2231 1310 2283; x_wconf 64' lang='lat' dir='ltr'>midinis.</span> <span class='ocrx_word' id='word_1_165' title='bbox 1602 2287 1605 2291; x_wconf 9' lang='lat' dir='ltr'>k</span> <span class='ocrx_word' id='word_1_166' title='bbox 1661 2290 1667 2292; x_wconf 8' lang='lat' dir='ltr'>p</span> <span class='ocrx_word' id='word_1_167' title='bbox 1788 2232 1791 2233; x_wconf 45' lang='lat'><em>⁷</em></span> 
     </span>
     <span class='ocr_line' id='line_1_27' title="bbox 244 2314 1631 2373; baseline 0.001 -14"><span class='ocrx_word' id='word_1_168' title='bbox 244 2315 424 2360; x_wconf 87' lang='lat' dir='ltr'>Nonius</span> <span class='ocrx_word' id='word_1_169' title='bbox 457 2321 556 2373; x_wconf 85' lang='lat'>146,</span> <span class='ocrx_word' id='word_1_170' title='bbox 590 2321 644 2361; x_wconf 89' lang='lat'>18</span> <span class='ocrx_word' id='word_1_171' title='bbox 680 2316 1060 2361; x_wconf 87' lang='lat' dir='ltr'>‘orbitudinis</span> <span class='ocrx_word' id='word_1_172' title='bbox 1090 2330 1174 2373; x_wconf 90' lang='lat' dir='ltr'>pro</span> <span class='ocrx_word' id='word_1_173' title='bbox 1207 2315 1411 2360; x_wconf 89' lang='lat' dir='ltr'>orbitate</span> <span class='ocrx_word' id='word_1_174' title='bbox 1443 2351 1453 2361; x_wconf 90' lang='lat'>.</span> <span class='ocrx_word' id='word_1_175' title='bbox 1480 2350 1490 2361; x_wconf 90' lang='lat'>.</span> <span class='ocrx_word' id='word_1_176' title='bbox 1516 2314 1547 2361; x_wconf 87' lang='lat'>.&#39;</span> <span class='ocrx_word' id='word_1_177' title='bbox 1628 2351 1631 2353; x_wconf 86' lang='lat'>-</span> 
     </span>
    </p>
   </div>
   <div class='ocr_carea' id='block_1_12' title="bbox 119 2387 1803 2615">
    <p class='ocr_par' dir='ltr' id='par_1_12' title="bbox 119 2387 1803 2615">
     <span class='ocr_line' id='line_1_28' title="bbox 245 2387 1802 2448; baseline 0.003 -16"><span class='ocrx_word' id='word_1_178' title='bbox 245 2389 409 2433; x_wconf 88' lang='lat' dir='ltr'>utilius</span> <span class='ocrx_word' id='word_1_179' title='bbox 443 2390 562 2434; x_wconf 84' lang='lat' dir='ltr'>F¹L</span> <span class='ocrx_word' id='word_1_180' title='bbox 657 2387 919 2447; x_wconf 87' lang='lat' dir='ltr'>miserulae,</span> <span class='ocrx_word' id='word_1_181' title='bbox 952 2392 1070 2448; x_wconf 76' lang='lat' dir='ltr'>qaod</span> <span class='ocrx_word' id='word_1_182' title='bbox 1100 2392 1206 2435; x_wconf 83' lang='lat' dir='ltr'>olim</span> <span class='ocrx_word' id='word_1_183' title='bbox 1230 2403 1577 2447; x_wconf 75' lang='lat' dir='ltr'>proposueram,</span> <span class='ocrx_word' id='word_1_184' title='bbox 1604 2404 1698 2436; x_wconf 74' lang='lat' dir='ltr'>non</span> <span class='ocrx_word' id='word_1_185' title='bbox 1727 2393 1802 2436; x_wconf 78' lang='lat' dir='ltr'>in-</span> 
     </span>
     <span class='ocr_line' id='line_1_29' title="bbox 119 2449 1803 2506; baseline 0.001 -12"><span class='ocrx_word' id='word_1_186' title='bbox 119 2450 337 2506; x_wconf 73' lang='lat' dir='ltr'>probavit</span> <span class='ocrx_word' id='word_1_187' title='bbox 367 2449 641 2494; x_wconf 79' lang='lat' dir='ltr'>Ritsehelius</span> <span class='ocrx_word' id='word_1_188' title='bbox 685 2463 834 2506; x_wconf 80' lang='lat' dir='ltr'>opusc.</span> <span class='ocrx_word' id='word_1_189' title='bbox 866 2451 930 2494; x_wconf 91' lang='lat' dir='ltr'>II</span> <span class='ocrx_word' id='word_1_190' title='bbox 954 2455 1039 2494; x_wconf 88' lang='lat'>688</span> <span class='ocrx_word' id='word_1_191' title='bbox 1084 2449 1282 2493; x_wconf 89' lang='lat' dir='ltr'>miserae</span> <span class='ocrx_word' id='word_1_192' title='bbox 1320 2467 1376 2494; x_wconf 80' lang='lat' dir='ltr'>m:</span> <span class='ocrx_word' id='word_1_193' title='bbox 1422 2450 1597 2494; x_wconf 78' lang='lat' dir='ltr'>hiatum</span> <span class='ocrx_word' id='word_1_194' title='bbox 1640 2451 1803 2496; x_wconf 85' lang='lat' dir='ltr'>tolerat</span> 
     </span>
     <span class='ocr_line' id='line_1_30' title="bbox 127 2507 1803 2564; baseline 0.001 -12"><span class='ocrx_word' id='word_1_195' title='bbox 127 2508 222 2552; x_wconf 88' lang='lat' dir='ltr'>Leo</span> <span class='ocrx_word' id='word_1_196' title='bbox 253 2509 281 2552; x_wconf 81' lang='lat' dir='ltr'>l.</span> <span class='ocrx_word' id='word_1_197' title='bbox 315 2509 342 2552; x_wconf 81' lang='lat' dir='ltr'>Z.</span> <span class='ocrx_word' id='word_1_198' title='bbox 376 2512 460 2551; x_wconf 80' lang='lat'>327</span> <span class='ocrx_word' id='word_1_199' title='bbox 555 2510 609 2552; x_wconf 89' lang='lat' dir='ltr'>ut</span> <span class='ocrx_word' id='word_1_200' title='bbox 638 2507 766 2552; x_wconf 90' lang='lat' dir='ltr'>illius</span> <span class='ocrx_word' id='word_1_201' title='bbox 796 2508 993 2553; x_wconf 86' lang='lat' dir='ltr'>miserae</span> <span class='ocrx_word' id='word_1_202' title='bbox 1025 2507 1396 2552; x_wconf 84' lang='lat' dir='ltr'>commisereseas</span> <span class='ocrx_word' id='word_1_203' title='bbox 1432 2507 1719 2564; x_wconf 70' lang='lat' dir='ltr'>Grautoffius</span> <span class='ocrx_word' id='word_1_204' title='bbox 1747 2511 1803 2554; x_wconf 88' lang='lat' dir='ltr'>ut</span> 
     </span>
     <span class='ocr_line' id='line_1_31' title="bbox 126 2566 1803 2615; baseline 0.003 -5"><span class='ocrx_word' id='word_1_205' title='bbox 126 2566 324 2610; x_wconf 84' lang='lat' dir='ltr'>miserae</span> <span class='ocrx_word' id='word_1_206' title='bbox 354 2566 482 2610; x_wconf 84' lang='lat' dir='ltr'>illius</span> <span class='ocrx_word' id='word_1_207' title='bbox 514 2567 884 2612; x_wconf 84' lang='lat' dir='ltr'>eommiseresoas</span> <span class='ocrx_word' id='word_1_208' title='bbox 909 2569 1104 2613; x_wconf 78' lang='lat' dir='ltr'>Bothius</span> <span class='ocrx_word' id='word_1_209' title='bbox 1133 2567 1260 2611; x_wconf 87' lang='lat' dir='ltr'>illius</span> <span class='ocrx_word' id='word_1_210' title='bbox 1292 2582 1330 2612; x_wconf 87' lang='lat' dir='ltr'>o.</span> <span class='ocrx_word' id='word_1_211' title='bbox 1355 2569 1408 2611; x_wconf 90' lang='lat' dir='ltr'>ut</span> <span class='ocrx_word' id='word_1_212' title='bbox 1429 2566 1625 2612; x_wconf 85' lang='lat' dir='ltr'>miserae</span> <span class='ocrx_word' id='word_1_213' title='bbox 1650 2568 1803 2615; x_wconf 81' lang='lat' dir='ltr'>Havet</span> 
     </span>
    </p>
   </div>
   <div class='ocr_carea' id='block_1_13' title="bbox 124 2677 1803 2830">
    <p class='ocr_par' dir='ltr' id='par_1_13' title="bbox 124 2677 1803 2830">
     <span class='ocr_line' id='line_1_32' title="bbox 928 2677 999 2725; baseline 0 0"><span class='ocrx_word' id='word_1_214' title='bbox 928 2677 999 2725; x_wconf 89' lang='lat' dir='ltr'>XI</span> 
     </span>
     <span class='ocr_line' id='line_1_33' title="bbox 124 2757 1803 2830; baseline 0.004 -19"><span class='ocrx_word' id='word_1_215' title='bbox 124 2757 292 2813; x_wconf 80' lang='lat' dir='ltr'>Cesso</span> <span class='ocrx_word' id='word_1_216' title='bbox 318 2760 574 2830; x_wconf 74' lang='lat' dir='ltr'>occupare</span> <span class='ocrx_word' id='word_1_217' title='bbox 598 2764 651 2814; x_wconf 92' lang='lat' dir='ltr'>et</span> <span class='ocrx_word' id='word_1_218' title='bbox 674 2779 758 2814; x_wconf 91' lang='lat' dir='ltr'>me</span> <span class='ocrx_word' id='word_1_219' title='bbox 782 2760 839 2814; x_wconf 83' lang='lat' dir='ltr'>in</span> <span class='ocrx_word' id='word_1_220' title='bbox 863 2760 1188 2830; x_wconf 84' lang='lat' dir='ltr'>colloquium</span> <span class='ocrx_word' id='word_1_221' title='bbox 1214 2759 1451 2814; x_wconf 77' lang='lat' dir='ltr'>conferre</span> <span class='ocrx_word' id='word_1_222' title='bbox 1474 2757 1705 2816; x_wconf 77' lang='lat' dir='ltr'>horum?</span> <span class='ocrx_word' id='word_1_223' title='bbox 1729 2805 1741 2815; x_wconf 91' lang='lat'><strong>.</strong></span> <span class='ocrx_word' id='word_1_224' title='bbox 1759 2806 1770 2816; x_wconf 89' lang='lat'><strong><em>.</em></strong></span> <span class='ocrx_word' id='word_1_225' title='bbox 1787 2805 1803 2817; x_wconf 87' lang='lat'><em>.</em></span> 
     </span>
    </p>
   </div>
   <div class='ocr_carea' id='block_1_14' title="bbox 219 2851 1739 3060">
    <p class='ocr_par' dir='ltr' id='par_1_14' title="bbox 219 2851 1739 3060">
     <span class='ocr_line' id='line_1_34' title="bbox 245 2851 1739 2918; baseline 0.003 -15"><span class='ocrx_word' id='word_1_226' title='bbox 245 2860 426 2904; x_wconf 86' lang='lat' dir='ltr'>Nonius</span> <span class='ocrx_word' id='word_1_227' title='bbox 459 2866 558 2918; x_wconf 89' lang='lat'>355,</span> <span class='ocrx_word' id='word_1_228' title='bbox 594 2867 647 2906; x_wconf 88' lang='lat'>13</span> <span class='ocrx_word' id='word_1_229' title='bbox 683 2851 984 2918; x_wconf 81' lang='lat' dir='ltr'>‘occupare</span> <span class='ocrx_word' id='word_1_230' title='bbox 1016 2862 1088 2906; x_wconf 91' lang='lat' dir='ltr'>est</span> <span class='ocrx_word' id='word_1_231' title='bbox 1117 2860 1302 2918; x_wconf 88' lang='lat' dir='ltr'>proprie</span> <span class='ocrx_word' id='word_1_232' title='bbox 1332 2861 1603 2918; x_wconf 88' lang='lat' dir='ltr'>praeuenire</span> <span class='ocrx_word' id='word_1_233' title='bbox 1637 2899 1645 2908; x_wconf 97' lang='lat'><strong><em>.</em></strong></span> <span class='ocrx_word' id='word_1_234' title='bbox 1674 2899 1682 2909; x_wconf 90' lang='lat'><strong>.</strong></span> <span class='ocrx_word' id='word_1_235' title='bbox 1710 2864 1739 2907; x_wconf 91' lang='lat'>.&#39;</span> 
     </span>
     <span class='ocr_line' id='line_1_35' title="bbox 249 2933 1336 2992; baseline 0.002 -15"><span class='ocrx_word' id='word_1_236' title='bbox 249 2933 369 2978; x_wconf 87' lang='lat' dir='ltr'>ferre</span> <span class='ocrx_word' id='word_1_237' title='bbox 400 2935 446 2979; x_wconf 90' lang='lat' dir='ltr'><em>B</em></span> <span class='ocrx_word' id='word_1_238' title='bbox 463 2935 508 2978; x_wconf 89' lang='lat' dir='ltr'><em>L</em></span> <span class='ocrx_word' id='word_1_239' title='bbox 537 2934 632 2979; x_wconf 89' lang='lat' dir='ltr'>iam</span> <span class='ocrx_word' id='word_1_240' title='bbox 663 2935 869 2979; x_wconf 85' lang='lat' dir='ltr'>conferre</span> <span class='ocrx_word' id='word_1_241' title='bbox 899 2936 1007 2980; x_wconf 79' lang='lat' dir='ltr'>olim</span> <span class='ocrx_word' id='word_1_242' title='bbox 1035 2937 1301 2992; x_wconf 78' lang='lat' dir='ltr'>scripseram</span> <span class='ocrx_word' id='word_1_243' title='bbox 1328 2966 1336 2973; x_wconf 79' lang='lat'><em>-</em></span> 
     </span>
     <span class='ocr_line' id='line_1_36' title="bbox 219 3014 1537 3060; baseline 0.004 -11"><span class='ocrx_word' id='word_1_244' title='bbox 219 3014 350 3049; x_wconf 77' lang='lat' dir='ltr'>Scaea.</span> <span class='ocrx_word' id='word_1_245' title='bbox 374 3026 476 3056; x_wconf 82' lang='lat' dir='ltr'>poes.</span> <span class='ocrx_word' id='word_1_246' title='bbox 499 3018 605 3051; x_wconf 90' lang='lat' dir='ltr'>Rom.</span> <span class='ocrx_word' id='word_1_247' title='bbox 629 3017 763 3060; x_wconf 79' lang='lat' dir='ltr'>fragm.</span> <span class='ocrx_word' id='word_1_248' title='bbox 788 3018 845 3051; x_wconf 85' lang='lat' dir='ltr'>ed.</span> <span class='ocrx_word' id='word_1_249' title='bbox 869 3018 1061 3051; x_wconf 67' lang='lat' dir='ltr'>Rmmzcx.</span> <span class='ocrx_word' id='word_1_250' title='bbox 1094 3018 1146 3051; x_wconf 91' lang='lat'>11.</span> <span class='ocrx_word' id='word_1_251' title='bbox 1512 3015 1537 3054; x_wconf 90' lang='grc'><strong>9</strong></span> 
     </span>
    </p>
   </div>
  </div>
 </body>
</html>
