2060 3140
431 125 513 170 EX
543 125 820 170 INCERTIS
850 125 1248 170 INCERTORVM
1278 125 1531 170 FABVLIS
1715 125 1820 178 133

946 265 1019 313 IV

143 349 285 403 Nam
326 349 455 418 quid
492 349 639 402 modi
677 349 942 402 factumst
978 349 1090 402 risu
1130 349 1398 418 denique?

145 438 266 492 Nisi
305 437 483 507 pictor
519 439 637 491 fieri
675 438 818 509 uult,
858 438 950 508 qui
988 438 1100 491 risu
1140 439 1422 491 mortuust.
1860 452 1914 492 10

263 553 429 598 Festus
472 569 516 611 p.
551 558 635 598 209
683 553 853 611 ‘pictor
899 553 1064 598 Zeuxis
1110 553 1207 597 risu
1249 555 1507 609 emortuus,
1553 553 1664 596 dum
1706 551 1831 602 ridet

147 611 290 656 effuse
320 612 499 669 pictam
531 627 559 657 a
591 626 639 657 se
680 627 821 657 anum
859 620 1020 670 γραῦν.
1084 626 1164 656 cur
1201 613 1289 657 hoc
1327 612 1430 656 loco
1470 611 1671 656 relatum
1711 611 1774 655 sit
1801 626 1830 656 a

145 671 330 728 Verrio,
372 686 477 715 cum
517 672 574 716 de
615 671 882 728 significatu
912 672 1160 716 uerborum
1193 671 1393 715 scribere
1423 670 1716 728 propositum
1746 671 1830 715 ha-

145 730 321 787 buerit,
362 731 579 787 equidem
616 745 710 775 non
749 730 909 787 uideo,
949 744 1054 774 cum
1092 730 1347 774 uersiculos
1388 743 1571 786 quoque
1604 743 1660 774 ea
1692 730 1749 773 de
1780 743 1830 774 re

145 789 383 834 rettulerit
414 792 462 834 et
490 789 675 847 ineptos
708 789 824 834 satis
850 791 898 834 et
928 789 1104 833 nullius
1135 789 1357 834 auctoris’
1393 789 1678 846 (praetoris’
1714 789 1829 845 cod„

147 862 259 893 corr.
278 849 584 907 Augustinus)
619 850 879 915 ‘praetexto
902 847 1102 905 nomine,
1132 847 1213 904 qui
1244 850 1403 892 tamen
1435 850 1544 891 sunt
1573 847 1645 893 hi:
1676 849 1826 892 nam’

147 921 184 953 e.
218 923 261 963 q.
296 922 330 953 s,
392 908 608 952 Fortasse
642 908 699 951 de
731 921 825 951 anu
855 907 906 950 in
936 907 1286 951 matrimonium
1317 907 1530 951 ducenda
1562 906 1732 964 agitur.

267 1002 289 1039 1
324 996 531 1040 facturus
564 997 660 1041 cod.
781 995 897 1053 risu]
930 1010 994 1040 au
1023 994 1149 1040 ista?
1180 996 1237 1051 cf.
1272 997 1420 1041 coroll.
1452 995 1531 1039 XL
1653 999 1678 1038 2
1710 1009 1831 1038 mor-

147 1057 257 1100 tuus
290 1057 361 1099 est
391 1057 486 1101 cod.

965 1134 1012 1181 V

149 1218 397 1289 Quinque
451 1219 634 1272 Thasii
699 1218 814 1271 uini
885 1219 1192 1288 depromam
1244 1218 1621 1290 (amphoras),
1676 1220 1831 1272 binas

1120 1307 1348 1370 Falerni.

265 1408 445 1453 Plinius
477 1410 573 1453 nat.
599 1408 708 1453 hist.
735 1408 840 1453 XIV
859 1413 928 1465 14,
947 1413 1002 1453 16
1038 1408 1122 1452 ‘sic
1153 1422 1339 1464 quoque
1369 1410 1535 1466 postea
1567 1408 1647 1452 diu
1680 1411 1832 1453 trans-

146 1467 330 1512 marina
359 1467 410 1511 in
442 1467 724 1512 auctoritate
755 1468 944 1512 fuerunt
975 1470 1023 1512 et
1055 1468 1116 1512 ad
1148 1481 1263 1512 auos
1295 1482 1442 1524 usque
1472 1470 1677 1524 nostros,
1719 1468 1833 1524 quin

148 1529 196 1571 et
219 1526 455 1571 Falerno
441 1541 537 1571 iam
559 1529 758 1584 reperto,
785 1526 906 1571 sicut
935 1527 1028 1583 adp
1032 1529 1133 1571 aret
1163 1540 1227 1571 ex
1257 1526 1363 1571 illo
1395 1526 1608 1571 comico
1640 1541 1830 1571 uersu:

148 1585 372 1642 quinque’
407 1599 445 1631 e.
471 1601 514 1642 q.
540 1600 575 1630 s.
609 1585 831 1644 (comici
859 1586 964 1631 Par.
996 1586 1052 1643 Ε)
1156 1586 1231 1629 Ad
1263 1585 1457 1630 Sullana
1487 1588 1700 1643 tempora
1730 1600 1831 1631 ver-

149 1660 251 1688 sum
282 1659 310 1689 a
340 1645 495 1690 Plinio
527 1645 689 1689 referri
719 1645 903 1690 monuit
931 1646 1257 1689 Lachmannus
1288 1645 1339 1689 in
1369 1645 1500 1690 Lucr.
1534 1651 1634 1691 327.

266 1733 411 1789 quina
442 1735 558 1779 coui.
593 1734 680 1778 Ma
682 1735 814 1792 yhoff
995 1733 1133 1778 binas
1163 1735 1327 1791 scripsi
1371 1733 1485 1778 bina
1517 1734 1668 1779 Hard.
1719 1734 1832 1779 uina

156 1793 299 1838 Vatic.
329 1792 404 1836 D²
434 1792 535 1836 uini
567 1810 602 1849 φ
724 1792 838 1849 quin
867 1792 1030 1836 Thasii
1059 1792 1161 1836 uini
1193 1793 1313 1836 dena
1343 1807 1567 1850 promam,
1599 1793 1715 1836 bina
1744 1793 1832 1836 Fa—

146 1851 265 1896 lerni
299 1851 426 1896 dolia
458 1853 718 1897 dubitanter
734 1853 1060 1897 Lachmawnus
1089 1854 1394 1897 hemametrum
1418 1852 1460 1897 I.
1479 1852 1670 1897 Beckeri
1701 1854 1834 1909 quasi

147 1911 449 1956 Lucilianum
481 1911 685 1967 quinque
710 1910 855 1955 Thasi
886 1910 986 1954 uini
1018 1911 1300 1968 depromam,
1333 1910 1448 1954 bina
1477 1910 1665 1954 Falerni
1695 1925 1831 1969 repu-

149 1971 298 2015 dians.
362 1971 445 2014 uin
476 1970 638 2014 Thasii
669 1969 771 2014 uini
803 1970 1086 2027 depromam,
1118 1971 1200 2013 uin
1229 1969 1449 2015 Falerni?
1482 2006 1490 2014 .
1519 2006 1528 2014 .
1557 2006 1565 2013 .
1599 1971 1704 2015 Bue

953 2102 1026 2150 VI

149 2229 160 2239 .
202 2228 212 2239 .
253 2185 465 2255 qualem
506 2185 722 2239 demens
760 2186 861 2238 iste
902 2185 1236 2253 chlamydem
1277 2183 1570 2254 disperdi‘t‘?
1610 2228 1621 2238 .
1662 2228 1673 2237 .

267 2300 584 2345 Tertullianus
617 2301 675 2345 de
705 2300 851 2358 pallio
875 2306 904 2344 4
931 2301 1134 2357 ‘prorsus
1169 2300 1209 2344 si
1240 2300 1344 2356 quis
1376 2300 1676 2345 Maeandrico
1707 2300 1834 2344 fluxu

149 2359 403 2404 delicatam
441 2362 622 2405 uestem
661 2360 793 2404 humi
830 2360 1098 2416 protrahat,
1145 2359 1311 2404 audiat
1351 2373 1472 2416 pone
1514 2373 1561 2403 se
1601 2360 1726 2416 quod
1765 2361 1830 2404 et'

148 2419 284 2478 (aiii)
319 2418 616 2465 ‘comicusz
651 2419 900 2475 qualem’
936 2433 974 2464 e.
1006 2433 1049 2474 q.
1084 2433 1117 2463 s.

943 2551 1042 2598 VII

150 2677 523 2688 ........
563 2635 659 2688 hui
698 2635 896 2688 uictrix
934 2634 1132 2704 VenUS,
1172 2634 1388 2688 uidesne
1426 2635 1593 2688 haec?
1775 2651 1828 2690 13
1833 2653 1857 2712 s
1865 2658 1919 2697 14

266 2751 414 2795 Varro
448 2751 505 2795 de
535 2751 758 2796 1.1.V62
793 2752 859 2794 ‘et
889 2750 1054 2794 horum
1083 2749 1336 2795 uinctionis
1368 2750 1440 2794 uis
1471 2751 1677 2808 Venus·
1720 2753 1832 2797 hinc

151 2809 422 2855 comicus.
466 2810 589 2853 hui’
625 2823 662 2855 e.
696 2825 740 2866 q.
774 2825 807 2854 s.
874 2810 985 2853 ‘non
1016 2809 1141 2875 quod
1172 2808 1358 2854 uincere
1389 2810 1507 2854 uelit
1538 2789 1718 2868 Ventis,
1753 2813 1834 2856 sed

150 2868 360 2913 uincire.’
425 2868 692 2936 (comicus
722 2869 894 2912 Laetus
927 2867 1172 2912 comicos
1203 2869 1322 2914 Flor.
1357 2869 1592 2914 comites
1628 2870 1831 2916 Vindob.

152 2927 294 2973 Basil.
329 2928 476 2984 apud
508 2928 753 2972 comicos
784 2928 833 2972 L.
868 2926 1161 2984 Spengelius)
