2060 3140
254 119 368 174 264
902 118 952 163 L.
980 113 1287 163 AFRAMVS

255 256 306 298 et
342 253 424 297 ille
467 261 663 296 seruus
704 250 1033 307 respondet:
1079 250 1228 295 bona
1267 249 1521 308 fortuna,
1561 250 1611 294 id
1649 253 1722 296 est
1757 252 1932 310 nullus,
2020 227 2052 317 s

256 312 392 368 quasi
437 325 535 355 rem
580 310 744 354 duram
789 308 918 353 dictu
963 307 1123 352 mitius
1169 308 1322 354 dixit?
1401 309 1637 354 Charisius
1681 326 1724 368 p.
1755 315 1840 356 247
1879 313 1930 357 Ρ.
2018 320 2019 324 ’

260 369 630 415 ‘charientismos
662 370 733 412 est
772 367 920 411 dictio
951 380 1034 424 per
1065 380 1121 412 ea
1151 381 1271 423 quae
1305 370 1442 425 grata
1472 370 1581 412 sunt
1610 368 1741 413 aliud
1772 369 1934 415 dicens
2025 380 2030 386 ·

257 430 388 474 aliud
411 427 693 486 significans,
723 428 778 470 ut
809 440 914 470 cum
944 425 1283 483 interrogamus
1314 441 1442 470 num
1472 427 1598 484 quis
1628 442 1728 473 nos
1759 443 1932 485 quae-

254 488 425 533 sierit
455 489 504 531 et
532 484 839 543 respondetur
867 485 1015 529 bona
1052 484 1306 542 fortuna,
1344 486 1468 530 unde
1498 485 1814 544 intellegimus
1844 502 1932 533 nos

253 546 488 591 neminem
523 544 796 602 quaesisse?
861 543 1043 589 Similia
1073 542 1321 588 Diomedes
1351 560 1397 601 p.
1421 549 1508 589 458
1539 545 1612 601 P.,
1649 545 1824 591 Donati
1856 561 1934 591 ars

254 605 440 708 inXCGL
464 604 528 649 IV
550 609 636 648 402
660 603 731 660 K.,
763 601 936 648 scheda
959 603 1253 647 Monacensis
1278 603 1407 648 edita
1438 617 1466 648 a
1491 602 1737 662 Spengelio
1760 604 1926 651 Philol.

373 749 395 788 1
445 742 650 800 quaesiit
694 742 805 788 Par.
845 743 908 799 P,
960 742 1143 788 Scmten.
1199 742 1436 799 quaesiuit
1486 761 1521 801 φ
1691 746 1934 802 Disposuit

251 817 460 849 numeros
489 817 522 848 x
559 816 670 848 mue.
702 802 847 848 Rhen.
881 807 951 859 20,
984 806 1071 846 374
1296 806 1297 809 ’

162 1021 252 1062 430
269 1004 502 1075 cupiluci
511 1003 542 1037 ’¹‘
1007 934 1177 982 XXIII

370 1105 519 1150 Varro
553 1105 609 1149 de
639 1104 725 1149 1.1.
751 1104 794 1148 V
818 1108 872 1148 25
905 1103 966 1149 Μ.
1002 1105 1151 1148 ‘extra
1190 1103 1363 1161 oppida
1402 1118 1432 1148 a
1467 1104 1622 1161 puteis
1659 1105 1932 1162 puticuli‚

253 1165 380 1221 quod
409 1163 479 1208 ibi
501 1163 551 1206 in
580 1162 734 1220 puteis
767 1162 1083 1207 obruebantur
1112 1162 1338 1220 homines,
1369 1161 1462 1206 nisi
1491 1162 1663 1220 potius,
1695 1166 1749 1208 ut
1770 1163 1932 1208 Aelius

254 1222 439 1279 scribit,
469 1221 708 1279 puticulae
740 1222 867 1278 quod
896 1221 1205 1278 putescebant
1234 1221 1303 1265 ibi
1335 1221 1566 1266 cadauera
1595 1222 1820 1279 proiecta,
1852 1222 1935 1279 qui

252 1283 382 1327 locus
421 1281 637 1339 publicus
682 1280 807 1325 ultra
848 1279 1105 1336 Exquilias.
1175 1280 1336 1336 itaque
1383 1294 1488 1324 eum
1525 1281 1747 1326 Afranius
1786 1281 1935 1326 cuti-

251 1341 409 1386 lucos
456 1341 506 1384 in
542 1341 708 1398 togata
746 1339 973 1396 appellat,
1022 1339 1148 1395 quod
1185 1339 1294 1383 inde
1334 1339 1593 1396 suspiciunt
1637 1354 1721 1397 per
1763 1342 1934 1398 puteos

251 1400 443 1444 lumen.’
486 1401 816 1457 (perpetuos
849 1398 906 1454 F,
946 1412 1059 1443 corr.
1093 1397 1315 1443 Grothius
1357 1401 1633 1456 perpetuo
1672 1399 1844 1444 Laetus

254 1459 539 1504 cutilucos
586 1458 695 1502 libri
740 1457 1033 1515 puticulos
1078 1457 1249 1501 Laetus
1295 1457 1654 1514 putiluculos
1700 1458 1738 1502 B
1783 1457 1934 1526 peti-

252 1519 411 1562 lucos
442 1517 518 1562 vel
550 1517 845 1575 cupilucos
877 1515 1086 1574 conieci).
1139 1516 1205 1561 Cf.
1230 1516 1395 1561 Festus
1418 1516 1555 1561 Pauli
1580 1532 1612 1563 s.
1631 1532 1674 1563 v.
1698 1517 1936 1575 puticulos

1010 1663 1174 1712 XXIV

252 1734 409 1787 nauci
450 1734 573 1787 dare

371 1834 606 1879 Ausonius
638 1837 757 1880 cent.
789 1837 918 1892 nupt.
950 1833 1094 1892 praef.
1131 1834 1232 1891 ‘pro
1264 1834 1374 1890 quo’
1410 1836 1490 1891 (sc.
1516 1836 1730 1891 centone)
1765 1833 1823 1877 ‘si
1852 1847 1939 1891 per

253 1894 483 1952 sigillaria
504 1894 555 1938 in
579 1894 794 1939 auctione
817 1893 1012 1951 ueniret,
1036 1906 1187 1949 neque
1209 1892 1432 1937 Afranius
1455 1892 1649 1938 nauci’
1677 1896 1934 1950 (naucum

253 1953 527 2011 Salmasius)
562 1954 744 1998 ‘daret
772 1967 858 1998 nec
889 1953 1067 1998 ciccum
1098 1966 1231 1997 suum
1262 1952 1457 1998 Plautus
1490 1951 1706 1997 offerret.'

259 2163 270 2172 ·
345 2163 355 2173 ι
421 2162 430 2173 .
1025 2087 1164 2141 XXV

254 2181 556 2232 lpsisslmus

372 2262 619 2320 Pompeius
661 2262 712 2306 in
755 2263 865 2308 CGL
897 2263 940 2307 V
975 2266 1059 2306 153
1099 2260 1153 2307 K.
1198 2262 1274 2306 ‘ea
1320 2263 1477 2306 autem
1522 2275 1642 2318 quae
1686 2276 1781 2307 non
1827 2263 1939 2306 sunt

255 2322 502 2378 qualitatis
534 2324 581 2366 et
610 2321 912 2379 quantitatis,
944 2335 1039 2366 non
1069 2320 1301 2377 recipiunt
1331 2320 1723 2377 conparationem.
1784 2316 1856 2365 Ne
1886 2323 1937 2365 te

254 2381 494 2438 decipiant
515 2380 623 2426 illa
646 2380 919 2425 Plautina
942 2382 997 2424 et
1019 2379 1335 2424 Afraniana
1358 2381 1555 2436 uerba,
1583 2379 1929 2437 ipsissimus;

254 2440 355 2484 ioco
381 2439 555 2486 comico
579 2440 668 2484 hoc
692 2439 825 2485 dixit.
880 2441 952 2484 est
982 2438 1126 2483 etiam
1157 2438 1282 2495 apud
1307 2438 1508 2483 Graecos
1540 2439 1792 2491 αὐτότατος
1822 2438 1934 2484 tale.

255 2499 433 2543 comica
464 2501 573 2543 sunt
602 2499 697 2544 ista
727 2501 775 2543 et
806 2499 867 2543 ad
899 2500 1047 2543 artem
1075 2511 1170 2542 non
1199 2497 1469 2554 pertinent.’

989 2638 1127 2686 XXV
1136 2639 1158 2663 ⁸
1173 2637 1198 2686 ‘?

252 2707 506 2761 ieientare

374 2800 554 2845 Nonius
586 2805 694 2856 126,
731 2805 787 2845 10
829 2800 1150 2845 ‘ieientare
1212 2799 1431 2844 Afranius
1463 2813 1550 2845 *ιιι*
1582 2795 1937 2860 (Pomponius)

255 2859 469 2903 Buccone
493 2860 719 2916 adoptato
744 2859 827 2918 [IV
828 2861 849 2962 l
870 2859 1065 2926 Plautus
1092 2895 1100 2903 .
1121 2895 1128 2903 .
1150 2895 1158 2903 .
1183 2858 1403 2926 §.fi-anius
1425 2857 1625 2925 Crimine
1642 2859 1762 2917 [111]’
1779 2872 1816 2903 e.
1835 2873 1877 2914 q.
1898 2873 1933 2902 s,

254 2918 474 2963 Fortasse
507 2933 646 2976 supra
674 2919 803 2974 quod
853 2920 1006 2976 egitur
1034 2917 1218 2962 Afranii
1247 2928 1417 2962 nomen
1448 2930 1590 2962 erron
1622 2917 1829 2962 debetur.
