2060 3140
261 133 372 186 384
538 132 624 177 AN
627 131 980 177 ONYMORVM
1008 130 1307 175 MIMORVM
1334 93 1682 185 RELIQViAE*

260 267 327 321 In
376 267 571 336 quibus
622 267 828 319 assidue
875 267 1050 318 cultus
1097 266 1339 340 procedit
1385 265 1614 337 adulter,
1659 265 1944 335 Verbaque

263 356 355 408 dat
394 356 560 408 stulto
601 355 791 407 callida
827 357 996 423 nupta
1033 354 1167 407 uiro,
1242 353 1461 408 Nubilis
1506 354 1605 407 hos
1643 354 1797 424 uirgo
1837 373 1945 406 ma-

263 447 523 512 tronaque
561 444 752 512 uirque
797 460 1034 512 puerque
1075 441 1315 512 Spectat,
1362 445 1415 494 et
1454 460 1518 494 ex
1556 461 1749 513 magna
1793 446 1944 511 parte

262 536 478 612 senatus
533 531 694 583 adest.
783 530 898 584 Nec
959 531 1089 583 satis
1151 531 1367 583 incestis
1421 531 1670 583 temerari
1721 531 1945 583 uocibus

263 609 436 672 aures·
475 618 806 672 Assuescunt
845 620 986 671 oculi
1024 620 1195 671 multa
1231 619 1478 688 pudenda
1514 619 1643 688 pati.
1707 618 1946 688 Cumque

266 708 459 760 fefellit
503 726 686 759 amans
733 707 912 776 aliqua
955 708 1197 760 nouitate
1243 708 1520 777 maritum,
1566 707 1847 759 Plauditur
1893 710 1947 759 et

263 814 459 867 magno
498 796 677 865 palma
714 796 898 849 fauore
938 796 1127 849 datur?

384 925 449 970 Cf.
470 926 686 970 Valerius
710 926 940 970 Maximus
964 928 1008 970 II
1031 932 1071 984 6,
1093 931 1117 970 7
1141 927 1240 971 Ael.
1265 926 1559 983 Lampridius
1587 926 1637 970 in
1663 926 1765 970 vita
1786 925 1946 970 Helio-

265 985 428 1042 gabali
468 999 504 1029 c.
540 990 594 1029 25
634 985 865 1029 Minucius
903 986 1036 1030 Felix
1075 991 1145 1042 37,
1177 991 1244 1030 12.
1316 986 1571 1042 Cyprianus
1613 985 1673 1029 ad
1710 986 1949 1029 Donatum

267 1058 304 1088 c.
331 1049 370 1088 8.
434 1044 544 1088 Alia
574 1044 845 1089 testimonia
878 1045 1051 1089 similia
1081 1045 1190 1089 vide
1219 1045 1271 1088 in
1301 1044 1492 1102 Grysari
1522 1045 1552 1089 1.
1577 1044 1609 1089 l.
1638 1050 1691 1089 18
1718 1059 1783 1100 sq.

1013 1287 1203 1334 XXXII

379 1329 651 1439 Arnobius
699 1386 813 1439 adv.
851 1388 960 1438 nat.
998 1385 1077 1438 IV
1115 1386 1185 1438 36
1233 1385 1415 1438 etiam
1453 1385 1632 1437 mimis
1672 1387 1724 1436 et
1762 1385 1952 1437 scurri-

267 1474 410 1526 libus
457 1474 677 1527 ludicris
727 1460 1183 1527 sanctissimorum
1208 1491 1489 1543 personae
1538 1474 1953 1542 interponuntur

270 1562 489 1615 deorum
538 1606 548 1615 .
590 1605 600 1615 .
641 1605 652 1615 .
699 1562 1025 1615 iocularibus
1071 1562 1339 1615 feriuntur
1385 1560 1817 1614 cauillationibus
1856 1580 1953 1613 nu-

269 1651 436 1722 mina,
476 1651 811 1704 conclamant
850 1654 903 1703 et
941 1653 1229 1721 assurgunt
1270 1649 1502 1719 theatra,
1541 1667 1730 1701 caueae
1770 1667 1953 1702 omnes

269 1743 591 1808 concrepant
629 1740 935 1811 fragoribus
974 1743 1135 1808 atque
1172 1739 1401 1808 plausu.9

1003 1995 1219 2043 XXXIII

384 2092 658 2146 Arnobius
697 2095 812 2147 adv.
842 2095 1086 2147 nationes
1117 2092 1223 2147 VH
1263 2094 1333 2146 33
1375 2094 1572 2145 ‘mimis
1609 2093 1864 2145 nimirum
1904 2093 1958 2144 di

275 2182 532 2253 gaudent,
586 2186 639 2235 et
688 2183 782 2235 illa
824 2184 908 2235 uis
957 2186 1233 2252 praestans
1282 2200 1454 2251 neque
1503 2181 1629 2234 ullis
1678 2181 1958 2234 hominum

278 2271 662 2340 comprehensa
706 2273 913 2324 naturis
954 2272 1306 2324 libentissime
1345 2271 1648 2323 commodat
1686 2270 1959 2322 audiendis

278 2359 364 2411 his
402 2360 568 2430 auriS,
617 2379 845 2429 quorum
891 2360 1463 2431 symplegmatibus
1509 2359 1756 2428 plurimis
1801 2358 1961 2410 inter-

278 2449 479 2501 mixtos
533 2467 587 2501 se
642 2467 753 2501 esse
809 2449 1090 2501 derisionis
1142 2449 1200 2501 in
1251 2449 1530 2501 materiam
1583 2450 1795 2500 norunt.
1881 2447 1965 2498 de-

266 2537 566 2607 lectantur,
603 2541 666 2589 ut
703 2556 787 2590 res
826 2540 927 2606 est,
974 2538 1378 2606 stupidorum
1418 2536 1739 2605 capitibus
1777 2535 1962 2603 rasiS,

283 2627 736 2695 salapittarum
797 2626 1014 2678 sonitu
1076 2629 1266 2695 atque
1334 2626 1585 2695 plauSU,
1651 2623 1839 2675 factis
1902 2625 1962 2674 et

285 2714 477 2766 dictis
517 2714 838 2784 turpibus,
886 2714 1275 2767 fascinorum
1313 2713 1671 2784 ingentium
1715 2710 1962 2763 rubore’

283 2819 324 2853 e.
362 2822 409 2871 q.
443 2821 483 2855 s.

404 2932 612 2976 Conferri
642 2932 781 2976 iussit
811 2933 908 2977 Bue
937 2932 1265 2990 Aristophanis
1296 2932 1405 2976 nub.
1432 2935 1517 2974 537
1545 2944 1642 2985 sqq.
