2060 3140
282 119 311 171 1
321 119 387 171 76
989 117 1154 162 TITIN
1155 117 1250 162 IVS

280 253 385 317 Qui
416 272 481 306 ex
511 253 661 306 tanta
691 252 922 306 facti6ne
954 255 1112 321 atque
1145 252 1337 322 opibus
1366 251 1602 322 puellam
1639 269 1758 304 sum
1797 269 1957 303 ausus

1250 339 1484 411 adgredi.

397 426 577 471 Nonius
602 431 701 480 304,
719 430 773 469 21
798 425 1005 469 ‘factio
1029 424 1201 469 iterum
1224 425 1460 482 significat
1483 425 1785 483 opulentiam,
1811 426 1959 470 abun·

279 485 492 530 dantiam
538 487 586 529 et
630 483 940 529 nobilitatem.
1002 483 1205 528 Titinius
1253 484 1469 529 sediam
1514 485 1727 529 metuo’
1771 498 1808 530 e.
1842 499 1886 541 q.
1920 499 1956 528 s.

279 544 516 600 (Setinaz
548 545 734 586 metuo
765 543 1011 587 Mercerus.
1072 542 1271 587 fortasse
1304 543 1502 588 Setina
1531 543 1698 588 titulus
1730 546 1839 588 ante
1872 556 1958 588 se-

279 602 432 646 diam
471 601 666 658 excidit,
707 601 789 645 sed
818 603 979 645 manet
1007 600 1189 646 incerta
1217 601 1348 646 tituli
1378 602 1505 647 fides.
1569 601 1783 647 Ceterum
1812 602 1870 647 cf.
1901 602 1958 647 fr.

279 661 398 706 VIII.
431 661 506 705 IX.
539 661 625 704 XV
657 660 782 717 apud
811 660 932 705 Non.
966 664 1064 718 186,
1098 665 1155 705 24
1186 663 1234 705 et
1265 665 1335 718 87,
1371 663 1444 719 13)

400 754 423 792 1
459 749 541 793 sed
572 748 717 793 etiam
746 749 794 793 B
825 748 907 793 sed
937 762 1043 792 cum
1072 748 1168 792 iam
1199 749 1262 793 M
1434 751 1729 794 mouemetuo
1761 750 1835 794 H²
1864 763 1961 794 me-

279 810 437 852 metuo
470 808 545 852 H'
648 807 803 851 hercle
833 809 990 852 metuo
1012 809 1169 853 Vrbin.
1201 812 1288 852 308
1402 808 1517 853 Ceso
1548 825 1583 852 ω
1695 813 1722 852 2
1753 808 1960 865 puellam

276 868 444 924 scripsi
474 880 578 910 eam
609 885 644 911 ω
675 866 808 910 illam
839 867 1147 912 Neukirchius
1251 866 1333 922 qui
1365 881 1469 911 eam
1498 869 1635 911 tanta
1665 880 1723 911 ex
1752 867 1959 912 factione

277 928 422 982 atque
454 925 621 982 opibus
653 940 793 970 ausus
827 940 928 969 sum
950 926 1149 972 Bothias
1170 927 1392 972 trochaeis
1485 927 1685 972 Ceteram
1714 928 1771 982 cf.
1796 927 1962 972 Plauti

270 986 410 1046 Prin.
444 989 543 1029 491.
576 989 662 1029 497
697 985 804 1031 Cist.
836 989 922 1029 493
953 999 1015 1042 sq.

1084 1095 1157 1143 IV

195 1168 278 1207 109
293 1178 460 1231 Paula
498 1196 630 1248 mea,
669 1178 874 1248 amabO,
912 1178 1005 1248 pol
1042 1181 1191 1232 tuam
1228 1179 1296 1232 ad
1332 1178 1543 1232 laudem
1580 1179 1809 1232 addito
1813 1198 1962 1249 prae-

193 1228 216 1266 1
224 1227 278 1267 10

1251 1267 1473 1320 fisoini'.
1461 1269 1473 1303 l

398 1327 633 1398 Charisius
656 1367 701 1409 p.
722 1357 806 1397 189
821 1352 872 1397 Ρ.
893 1352 1261 1409 ‘praefiscini
1285 1352 1486 1397 Titinius
1511 1353 1561 1396 in
1582 1353 1765 1400 Setina:
1789 1354 1957 1399 Paula’

281 1426 319 1457 e.
344 1427 389 1468 q.
415 1428 450 1457 8.
485 1413 561 1457 ‘ne
591 1411 751 1469 puella
780 1411 1066 1456 fascinetur.’
1100 1411 1348 1465 (sentina
1378 1413 1479 1457 cod.
1508 1412 1787 1469 Explicandi
1818 1427 1960 1457 causa

279 1472 424 1516 verba
458 1472 535 1515 ‘ne
564 1470 723 1528 puella
753 1470 1025 1515 fascinetur’
1061 1470 1323 1515 Charisium
1361 1471 1615 1516 subiecisse
1653 1471 1835 1517 monuit
1866 1472 1959 1517 Gu-

279 1530 481 1574 lielmius
509 1529 656 1574 Veris.
680 1530 724 1574 H
750 1534 817 1585 14,
849 1529 964 1574 item
996 1529 1205 1587 Scaliger
1233 1529 1355 1575 Cast.
1382 1531 1443 1574 ad
1473 1530 1595 1575 Fest.
1619 1546 1664 1588 p.
1693 1535 1807 1588 148.)
1849 1531 1958 1576 For-

279 1592 406 1634 tasse
438 1603 609 1646 sponsa
638 1588 859 1644 loquitur.

398 1678 612 1723 Senam-ios
641 1679 749 1723 olim
772 1678 977 1734 praetuli
983 1695 1000 1732 ;
1039 1691 1259 1735 personas
1294 1684 1400 1724 ante
1429 1677 1510 1735 pol
1540 1679 1754 1725 distinxit
1788 1679 1960 1725 Twrne-

279 1738 363 1782 bus
451 1739 584 1780 tuam
612 1737 777 1793 scripsi
805 1738 858 1781 tu
889 1738 985 1782 cod.

1097 1802 1144 1848 V

180 1890 200 1901 ”
277 1884 367 1939 An
399 1885 526 1956 quia
548 1885 660 1956 ‘pol
691 1886 896 1956 edepol'
920 1884 1176 1957 fabulare,
1214 1885 1326 1939 ‘edi'
1349 1887 1511 1940 medi’
1534 1886 1826 1941 meministi
1855 1888 1961 1940 —‘?

398 1986 634 2032 Charisius
664 2002 708 2043 p.
737 1991 821 2032 178
844 1986 894 2031 Ρ.
922 1986 1132 2031 ‘medio
1157 1986 1302 2045 (edio
1326 1989 1544 2044 excerpta
1564 1987 1710 2033 Paris.
1735 1990 1783 2032 et
1805 1988 1957 2045 Bern.)

269 2045 447 2102 -fidio,
478 2060 561 2103 per
590 2046 752 2090 Iouem
778 2045 856 2089 uel
887 2046 1026 2090 fidem
1056 2046 1263 2090 filiumue
1293 2046 1418 2090 Iouis
1448 2046 1705 2104 Herculem,
1738 2060 1858 2103 quae
1888 2047 1958 2090 iu-

279 2105 401 2149 ratio
432 2104 623 2162 propria
653 2104 859 2148 uirorum
890 2107 974 2161 est,
1005 2107 1059 2149 ut
1088 2105 1367 2149 feminarum
1397 2105 1562 2162 edepol
1593 2108 1775 2150 ecastor
1805 2105 1958 2151 eiuno.

279 2164 399 2208 Deni
402 2178 491 2220 ue
507 2163 797 2208 Titinius
784 2178 842 2207 ιιι
859 2163 1058 2208 Setina
1080 2163 1436 2209 molliculum
1461 2164 1959 2209 adulescentulum

282 2223 618 2268 effeminate
655 2222 982 2278 loquentem
1013 2237 1132 2267 cum
1162 2223 1577 2280 reprehendere
1615 2224 1820 2281 magis’
1853 2227 1957 2282 (scr.

268 2282 574 2342 magister)
609 2281 836 2339 ‘uellet,
866 2282 968 2339 An,
994 2281 1167 2339 inquit,
1199 2281 1356 2338 quia’
1392 2295 1429 2326 e.
1463 2297 1506 2338 q.
1539 2297 1574 2327 8.

403 2369 498 2414 ‘edi
520 2369 663 2414 medi'
689 2369 945 2414 meministi
967 2371 1261 2428 inperfectam
1282 2372 1549 2416 sententiam
1572 2373 1726 2428 (qnam
1746 2372 1961 2428 suppleas

282 2443 456 2473 marem
487 2432 535 2473 te
567 2431 686 2485 esse)
718 2430 980 2474 dubitanter
1002 2431 1153 2486 posui.
1201 2428 1351 2473 edime
1376 2429 1569 2473 diemini
1599 2431 1692 2475 cod.
1727 2429 1803 2474 edi
1833 2429 1961 2474 medi

278 2489 348 2533 ed.
374 2504 449 2546 pr.
485 2488 579 2532 ‘edi
610 2487 752 2532 medi’
785 2487 963 2532 minare
994 2489 1049 2533 de
1073 2494 1196 2546 part.
1229 2489 1307 2534 lat.
1334 2503 1382 2545 p.
1406 2494 1465 2533 26
1497 2490 1668 2535 conieci

643 2640 646 2645 .
1086 2598 1159 2646 VI

439 2683 642 2752 ,quasi
678 2681 1146 2752 hermaphroditus
1184 2681 1518 2736 fimbriatum
1558 2683 1789 2736 frontem

287 2768 487 2823 Gestas.

400 2855 580 2900 Nonius
613 2862 712 2914 204,
744 2862 800 2902 28
835 2857 1104 2901 ‘frontem
1136 2893 1146 2902 .
1174 2893 1183 2901 .
1210 2893 1218 2901 .
1251 2856 1509 2900 masculino
1540 2856 1741 2902 Titinius
1775 2856 1957 2902 Setina:

283 2913 436 2968 quasi'
472 2928 510 2959 e.
535 2930 578 2970 q.
606 2931 638 2960 s.
700 2916 830 2960 Idem
858 2916 1160 2973 paedagogus
1191 2914 1320 2971 loqui
1351 2914 1548 2961 videtur
