2060 3140
533 145 582 189 L.
614 143 961 216 POMPONlVS
991 143 1393 190 BO‘NONIENSIS
1687 147 1790 199 291

246 276 425 321 Nonius
457 282 563 333 474,
598 282 652 321 25
696 277 968 322 ‘mirabis
1030 274 1327 335 Pomponius
1349 279 1544 323 Patruoz
1583 278 1797 323 mirum'

130 349 167 380 e.
194 351 236 392 q.
264 351 297 381 s.
360 336 565 394 (Pappo
597 336 779 394 Junius)

247 423 391 468 facies
423 424 574 481 fatue,
604 424 771 469 mirum
800 440 834 470 a:
962 425 1002 469 si
1034 426 1142 469 stud
1170 425 1366 469 nimium
1396 426 1720 472 Lachmamms
1750 428 1802 470 in

129 483 378 586 ssihrfiimffm
411 483 659 527 sistudium
690 501 724 528 ω
765 484 804 528 si
842 484 970 529 istud
1009 484 1215 529 studium
1251 486 1443 531 Vossius.
1506 485 1585 530 An
1623 485 1663 528 si
1694 485 1802 528 stud

742 682 1189 732 PHILOSOPHIA

129 779 292 852 'Ergo
299 824 314 851 7
363 782 438 834 mi
483 783 773 852 Dossenne,
823 799 943 834 cum
988 782 1150 834 istaec
1195 783 1428 835 memore
1472 780 1785 850 meministi,

1359 869 1557 939 indica,

130 956 239 1021 Qus
287 958 420 1010 illud
475 977 661 1010 aurum
716 958 1009 1011 abstulerit.
1057 990 1125 995 —
1179 958 1304 1012 Non
1355 957 1515 1010 didici
1569 957 1783 1010 ariolari
1803 973 1887 1013 110

1359 1045 1559 1116 gratiis

243 1146 423 1191 Nonius
468 1152 573 1204 514,
614 1152 668 1191 23
720 1148 981 1190 ‘memore
1034 1161 1117 1204 pro
1163 1146 1439 1191 memoriter.
1516 1146 1798 1203 Pomponius

126 1205 449 1263 Philosophia:
485 1207 612 1263 ergo’
641 1220 676 1251 e.
704 1221 746 1262 q.
773 1221 807 1250 S.
870 1205 1144 1263 (phophia
1173 1220 1256 1250 ms.
1281 1205 1410 1250 Junii
1446 1205 1799 1262 Philosopha

127 1265 322 1309 Bothius
365 1265 712 1322 Philosopho
753 1264 1026 1309 Gebhardus
1082 1265 1450 1322 Philosophis
1495 1265 1798 1322 Duentzerus)

124 1324 388 1368 Priscianus
432 1340 476 1382 p.
511 1330 624 1369 1014
661 1325 710 1370 P.
762 1324 1066 1382 ‘Pomponius
1114 1325 1178 1368 de
1227 1324 1622 1381 philosophia:
1679 1338 1798 1368 cum

125 1383 310 1427 istaec
351 1397 588 1428 memore
630 1383 904 1442 meminit,
950 1398 1034 1440 pro
1072 1383 1367 1428 memoriter.’
1431 1383 1491 1426 Et
1529 1397 1698 1427 nomen
1729 1383 1797 1426 fa-

33 1455 41 1461 ·
124 1442 265 1487 bulae
297 1445 344 1486 et
373 1456 532 1487 versus
564 1445 900 1487 commentatus
933 1445 1004 1487 est
1033 1443 1279 1487 Mercerus.

249 1537 270 1574 1
315 1531 380 1574 mi
425 1531 661 1576 Dorsenne
707 1532 938 1577 Mercerus
986 1531 1036 1574 ni
1082 1531 1308 1575 dossedne
1354 1548 1388 1575 ω
1437 1530 1554 1575 mihi
1599 1531 1797 1575 Dossen-

125 1605 237 1633 num
271 1591 364 1638 Ed.
388 1592 559 1636 Becker
596 1593 669 1648 (cf.
702 1591 850 1636 coroll.
882 1590 1083 1647 LXXXI)
1231 1590 1377 1634 istaec
1408 1590 1485 1635 Ba
1511 1590 1549 1634 Ο
1576 1591 1726 1635 Nonii
1754 1596 1796 1635 et

126 1650 270 1694 Prisc.
294 1660 332 1706 ψ
371 1649 491 1694 istae
522 1651 685 1695 Bamb.
711 1650 855 1695 Prisc.
890 1649 1100 1694 istahaec
1131 1650 1254 1694 Non.
1281 1666 1316 1706 φ
1435 1662 1688 1693 memorero
1718 1650 1797 1694 Ba

36 1750 38 1752 ,
125 1709 274 1753 Nonii
390 1708 602 1753 meminit
633 1710 868 1755 Prisciani
898 1726 932 1753 ω
1082 1713 1107 1752 2
1148 1708 1261 1764 quid
1296 1709 1361 1754 W
1470 1707 1605 1751 illum
1636 1709 1683 1752 P

124 1767 338 1884 &colgrim
353 1769 409 1812 Η
418 1768 435 1793 ²
449 1768 538 1814 W2
578 1767 745 1813 aiolari
783 1769 869 1813 W1
914 1767 1137 1812 hariolari
1176 1785 1211 1824 φ
1360 1766 1525 1824 gratiis
1566 1766 1798 1813 Mercerus

784 1966 1103 2016 PICTORES
1116 1967 1142 1996 ’¹‘

244 2064 308 2109 Cf.
360 2063 608 2121 Ζωγράφοι
659 2063 1024 2119 Anaxandridis,
1082 2061 1334 2120 Ζωγράφος
1384 2061 1666 2119 Antiphanis
1715 2061 1795 2105 Di-

123 2122 243 2180 phili
274 2123 333 2167 al.
396 2123 487 2168 Sed
525 2122 719 2167 dubium
754 2125 845 2179 est,
886 2137 946 2166 an
982 2136 1076 2166 non
1114 2121 1233 2166 forte
1271 2120 1595 2165 Piscatores
1633 2120 1790 2177 potius
1873 2167 1878 2170 ,

123 2181 310 2238 fuerint,
339 2181 612 2238 praesertim
644 2196 748 2226 cum
769 2182 873 2239 ipsa
896 2181 1107 2225 codicum
1130 2179 1359 2237 scriptura
1389 2179 1442 2224 fr.
1466 2180 1521 2224 Π.
1545 2179 1610 2223 VI
1636 2182 1685 2223 et
1707 2179 1793 2224 VH

124 2240 418 2297 (Pistoribus)
457 2255 510 2285 eo
550 2241 717 2285 ducere
746 2241 975 2285 videatur.
1038 2239 1169 2284 Certe
1206 2239 1371 2283 horum
1409 2238 1602 2282 duorum
1642 2252 1791 2283 exem-

123 2299 305 2356 plorum
336 2300 467 2343 sedes
499 2299 720 2357 ambigua
752 2302 834 2344 est.
889 2299 1142 2351 Pistores
1173 2298 1468 2343 commendat
1489 2297 1791 2342 Woelfflinus

124 2373 239 2403 mus.
264 2358 415 2412 Rhen,
436 2363 507 2416 43,
533 2363 630 2404 309.

945 2483 970 2529 Ι

121 2567 335 2637 Pappus
365 2567 510 2620 hicin
540 2567 774 2620 medicus
804 2566 1035 2637 habitat,
1073 2566 1249 2618 senica
1285 2584 1393 2619 non
1428 2565 1761 2619 sescunciae?

237 2676 416 2720 Nonius
445 2680 513 2733 17,
538 2681 594 2720 20
629 2675 840 2720 ‘senica
871 2673 1106 2733 significat
1137 2675 1308 2718 senex?

238 2771 365 2815 hicin
402 2771 609 2816 medicus
647 2772 810 2828 scripsi
847 2769 941 2826 (hic
978 2767 1217 2814 mendicus
1255 2771 1379 2827 olim)
1423 2769 1500 2814 hic
1545 2769 1595 2813 in
1635 2769 1789 2813 medio

120 2832 392 2876 EFHLP
432 2830 509 2875 hic
550 2830 704 2875 medio
743 2831 808 2875 W
844 2829 922 2873 hic
959 2829 1010 2873 in
1047 2829 1154 2873 aedi
1192 2829 1394 2888 Scaliyer
1539 2828 1696 2873 senica
1733 2829 1797 2873 W

31 2945 34 2948 Ι
121 2904 286 2954 seneca
317 2908 352 2946 φ
479 2889 746 2934 sescunciae
783 2889 1015 2935 Turnebus
1053 2887 1311 2933 sescuntiae
1345 2888 1568 2933 F¹H1L¹
1604 2901 1789 2932 sescun-

118 2949 187 2994 tia
219 2967 254 3007 φ

1436 3022 1522 3065 19*
