2060 3140
219 121 294 174 40
766 119 1074 166 CAECILIVS
1105 119 1322 165 STATIV
1325 119 1354 164 S

223 254 402 299 sonitus
441 255 618 310 quanta
656 254 780 310 apud
818 254 999 297 ueteres
1029 251 1345 296 indifferentia
1377 252 1439 297 sit
1467 253 1624 298 notius
1657 257 1727 298 est
1758 269 1900 310 quam

222 316 278 358 ut
305 313 443 371 plura
473 312 523 356 in
553 312 604 356 id
634 313 779 356 uerba
810 311 1035 356 sumenda
1065 311 1191 355 sint?

345 406 367 446 1
401 415 634 446 neaerem
645 401 794 460 Isuyd.
832 413 1003 444 neaera
1038 399 1184 445 Germ.
1219 399 1373 445 Petav.
1411 414 1578 445 neaere
1610 402 1719 446 Par.
1827 403 1902 447 De

221 462 396 517 formae
453 459 701 504 Nerienem
749 473 962 504 mensura
1029 459 1086 513 cf.
1143 458 1457 504 Fleckeisenus
1508 462 1632 517 epist.
1687 462 1784 506 crit.
1839 463 1902 506 ad

226 521 297 566 M.
315 520 557 565 Hertzium
573 534 620 577 p.
641 523 695 562 32
787 524 813 561 2
842 516 1221 586 quandoquidem
1242 517 1438 563 Bothius
1468 518 1689 575 quoniam
1712 519 1903 575 quidem

225 579 542 625 fleckeisenus
626 575 831 620 Mauorti
852 578 1015 633 scripsi
1043 575 1186 620 Marti
1210 593 1244 620 ω
1336 593 1361 623 e
1387 578 1507 622 Voss.
1529 577 1673 623 Germ.
1703 592 1727 622 e
1746 580 1900 624 Petav.

325 639 550 683 Numeros
588 637 762 681 iuvabit
801 637 881 693 qui
918 649 966 680 es
1005 634 1097 692 ipsi
1135 634 1185 678 in
1224 635 1492 704 coniugium
1529 639 1579 694 (s.
1613 636 1902 694 concubium,

225 703 279 744 ut
305 711 434 755 prop.
467 696 620 741 Luchs
649 691 767 741 stud.
791 695 813 738 I
838 696 910 752 72)
943 694 1056 738 data
1085 695 1317 752 scripserit

554 939 1117 1012 CAECILIVS
1173 938 1589 1013 STATIVS

347 1064 538 1113 Servavi
563 1063 771 1109 ordinem
793 1063 1035 1108 nominum
1057 1063 1244 1119 qualem
1266 1063 1446 1108 indicat
1470 1063 1647 1109 Gellius
1663 1064 1728 1109 IV
1746 1070 1906 1123 20,13,

229 1124 621 1240 ᾳέιῗιιιᾳιιὸιῖιΐὸἔ
638 1138 666 1168 a
681 1124 734 1167 ti
750 1138 781 1167 u
799 1138 818 1166 s
859 1122 892 1167 C
910 1137 938 1166 a
956 1136 980 1166 e
998 1137 1033 1225 (Ξ
1034 1138 1063 1239 >ι
1071 1122 1120 1166 11
1136 1137 1167 1166 ιι
1185 1138 1204 1166 s
1249 1122 1514 1180 appellatur
1550 1123 1600 1167 in
1637 1102 1908 1182 Hieronymi

229 1200 253 1229 c
313 1198 445 1228 omco
495 1197 519 1227 c
619 1197 643 1227 e
673 1196 908 1240 praenom.
943 1196 980 1227 c.

905 1291 1201 1340 AETHRIO
1211 1293 1239 1323 '¹‘

348 1390 553 1434 Αι-ιτιιιιιο
570 1389 647 1434 vel
660 1388 907 1433 Αιιτιιειιιο.
932 1388 1206 1433 Aetherium
1217 1389 1374 1433 Iovem
1388 1388 1576 1446 intellig
1578 1389 1689 1433 ebat
1706 1390 1735 1434 S
1736 1403 1908 1447 p-enge

228 1450 321 1493 lius
352 1465 397 1516 p.
424 1454 449 1493 6
480 1447 811 1506 Amphitruoni
849 1462 943 1492 non
980 1447 1181 1515 multum
1221 1447 1495 1492 dissimilem
1524 1404 1768 1492 fabulamp
1765 1448 1910 1493 fuisse

233 1508 489 1563 coniciens3
525 1510 573 1552 et
605 1508 797 1574 deorum
828 1520 939 1551 sane
969 1509 1127 1564 partes
1157 1506 1209 1550 in
1240 1520 1297 1551 ea
1327 1506 1469 1551 fuisse
1499 1506 1718 1551 videntur
1749 1522 1910 1552 secun-

233 1568 345 1612 dum
381 1567 435 1612 fr
467 1544 545 1622 I'V,
590 1565 683 1610 nisi
728 1566 849 1610 forte
887 1565 1196 1623 metonymice
1233 1566 1488 1610 Mercurius
1528 1566 1719 1612 dicitur.
1757 1566 1913 1624 ipsum

234 1627 351 1672 adeo
383 1624 805 1683 Amphitrionis
843 1639 1014 1669 nomen
1053 1624 1217 1682 optimi
1255 1625 1365 1669 libri
1394 1625 1539 1670 Nomi
1571 1626 1910 1683 commendant,

233 1686 359 1742 quod
397 1685 669 1742 reciperem,
708 1684 801 1728 nisi
831 1684 959 1729 Festi
998 1686 1046 1728 et
1075 1684 1313 1729 Diomedis
1353 1685 1595 1729 obstarent
1627 1685 1910 1730 testimonia.

231 1746 274 1789 A
283 1759 307 1789 e
317 1760 338 1788 s
348 1759 372 1789 c
380 1745 412 1788 h
420 1744 504 1788 rio
514 1759 547 1787 n
556 1758 580 1788 e
588 1759 636 1787 m
647 1743 921 1800 Apollodori
931 1743 1159 1788 Caecilius
1176 1743 1471 1788 transtulisse
1483 1743 1669 1788 videtur
1676 1744 1912 1789 Meinekio

234 1804 342 1848 hist.
370 1818 429 1848 cr.
447 1808 548 1848 461.
591 1802 963 1847 Aethrionem
987 1805 1195 1847 saturam
1209 1802 1550 1856 Varronianam
1573 1803 1770 1848 aNonio
1792 1819 1837 1860 p.
1857 1809 1911 1848 91

232 1862 418 1908 laudari
447 1862 628 1907 incerta
658 1860 926 1906 coniectura
957 1861 1175 1919 opinatus
1200 1865 1272 1907 est
1292 1862 1533 1907 Vahlenus
1559 1862 1681 1908 anal.
1698 1862 1818 1907 Non.
1839 1867 1911 1907 27.

1061 1973 1087 2020 I

234 2057 316 2110 De
353 2058 510 2110 nocte
548 2057 616 2109 ad
652 2059 869 2127 portum
908 2060 1026 2109 slim
1063 2060 1349 2127 prouectus
1385 2057 1669 2126 prosumia.

355 2157 534 2202 Nonius
552 2162 651 2214 536,
671 2159 775 2202 12ε
785 2172 883 2215 pro
895 2172 1074 2202 sumla
1103 2157 1285 2215 nauigii
1307 2171 1467 2215 genus.
1516 2157 1744 2202 Caecilius
1768 2158 1916 2202 Mere-

235 2217 387 2261 trice.
438 2216 597 2262 ,idem
618 2217 951 2262 Aethrione.
981 2217 1039 2261 de
1061 2217 1216 2261 nocte’
1244 2230 1280 2261 e.
1300 2231 1342 2272 q
1363 2231 1397 2262 s.
1431 2216 1711 2274 (antrione
1734 2213 1916 2261 HL¹W

239 2253 624 2333 amphitrione
654 2276 788 2334 Bax,
820 2276 1003 2334 Junius)

357 2379 385 2408 a,
414 2367 552 2422 portu
587 2365 829 2423 Quicherat
917 2366 1166 2421 prouectus
1196 2364 1275 2410 Ba
1282 2382 1309 2423 χ
1339 2364 1498 2421 profec
1523 2365 1587 2409 W
1609 2364 1845 2421 profectus
1879 2382 1915 2421 φ

1053 2474 1105 2523 Π

238 2557 309 2610 Ει
347 2559 502 2626 perii:
544 2559 673 2630 quid
710 2554 787 2612 ita
823 2562 1045 2612 numero
1084 2559 1270 2612 uenit?
1330 2559 1456 2630 fuge
1496 2559 1725 2612 domum.

360 2658 524 2703 Festus
555 2675 599 2716 p.
627 2665 712 2704 170
735 2661 797 2705 M.
840 2661 1100 2717 ‘Panurgus
1138 2659 1369 2704 Antonius
1407 2660 1525 2703 haec
1564 2659 1652 2704 ait:
1690 2671 1917 2702 numero

240 2716 437 2761 nimium
475 2717 588 2775 cito,
637 2719 849 2764 celeriter
886 2718 1083 2764 nimium
1122 2745 1177 2752 —
1216 2745 1272 2752 -
1314 2718 1538 2763 celeriter.
1602 2716 1830 2763 Caecilius
1869 2716 1918 2760 in

240 2775 548 2822 Aethione:
581 2777 641 2821 ei’
678 2792 715 2823 e
741 2793 784 2835 q.
811 2794 845 2823 s.
910 2778 1241 2836 (Aethrione
1271 2778 1484 2835 Vrsinus)

358 2864 477 2921 perii
494 2867 625 2923 vulgo
647 2867 747 2922 peri
763 2869 857 2912 cod.
935 2867 1045 2924 fuge
1061 2867 1385 2934 Auyustinus
1366 2882 1418 2912 ‘m
1433 2882 1517 2925 my.
1542 2866 1646 2909 fuce
1664 2867 1757 2910 cod.
1843 2865 1921 2909 hei

241 2922 382 2980 perii!
417 2925 437 2975 [Γ
475 2924 588 2980 quid
619 2924 717 2971 itai>
752 2927 772 2975 [Γ
808 2939 999 2970 numero
1032 2925 1174 2970 uenit.
1218 2927 1239 2974 H*
1267 2926 1378 2983 fuge
1418 2926 1623 2970 domum!
1658 2924 1921 2982 Spengelius
