2060 3140
782 107 832 152 L.
859 106 1164 152 AFRANIVS
1703 105 1815 158 263

253 242 417 286 Festus
448 257 493 298 p.
519 246 602 286 301
632 241 693 286 M.
729 240 996 285 ‘solatum
1025 254 1172 297 genus
1202 238 1354 283 morbi
1383 238 1583 283 maxime
1615 253 1643 282 a
1672 238 1816 283 rusti·

130 301 352 346 cantibus
393 300 584 357 dicitur,
628 299 758 345 cuius
795 299 1008 344 meminit
1046 299 1190 343 etiam
1228 297 1393 342 Afiani
1433 333 1813 343 ...........

44 378 45 381 “
134 362 376 416 arquato
407 360 531 404 med
563 395 940 405 ...........
972 358 1191 415 tigine.'

252 448 498 493 Lacinia-m
545 454 767 505 quantum
809 448 912 503 fieri
952 448 1107 504 potuit
1151 447 1493 501 consarcinan
1544 447 1587 490 si
1629 446 1816 502 fabulae

133 521 295 552 nomen
333 509 459 564 apud
490 507 675 552 Festwm
712 507 879 562 defuit,
917 520 1070 551 versus
1105 507 1296 562 fortasse
1332 507 1397 550 sic
1431 506 1619 562 mcepit:
1660 504 1815 549 solato

131 568 182 609 et
220 568 416 621 arquato
454 566 666 610 medetur
707 602 715 610 .
743 602 751 610 .
779 602 788 610 .
827 564 1063 622 uertigini.
1136 567 1332 620 arquato
1370 564 1601 619 medetur,
1646 563 1816 619 solato,

134 624 300 668 affecto
345 627 446 681 (aut
482 625 691 680 medeor,
736 639 792 681 s.‚
834 623 1058 682 cruciato)
1105 623 1336 681 uertigine
1375 625 1489 669 Bwe.
1562 623 1630 679 Of.
1661 624 1816 668 coroll.

134 683 366 728 LXXVIII

916 764 1033 811 XIX

243 847 433 900 Festus
478 867 527 916 p.
561 848 670 900 314
715 847 785 900 M.
834 847 1087 916 ³[stipes
1136 847 1296 899 fustis
1341 846 1536 915 terrae]
1589 846 1818 899 defixus:

128 934 286 987 Afra
325 978 736 988 ..........
778 934 1017 1004 [p]orro
1056 934 1321 987 honeste
1361 976 1771 986 ..........
1805 977 1819 986 .

127 1024 217 1075 ite
267 1023 550 1076 hostium
598 1065 1006 1076 ..........
1048 1041 1156 1075 oro
1207 1022 1427 1092 fidem,
1478 1022 1585 1091 qui
1626 1065 1815 1075 .....

127 1154 320 1164 .....
370 1130 499 1164 eam
545 1111 778 1164 siluam
824 1111 904 1163 et'
945 1130 985 1163 e.
1019 1130 1066 1180 q.
1100 1130 1139 1163 s,
1214 1110 1379 1163 Plane
1426 1111 1819 1163 incertumest

128 1203 394 1268 quantum
425 1219 490 1252 ex
519 1199 620 1252 hac
650 1199 806 1251 ruina
835 1199 1102 1268 pertineat
1131 1199 1198 1252 ad
1227 1197 1546 1252 Afranium.-
1588 1198 1819 1268 stipite

126 1288 367 1361 ostium
406 1287 667 1358 impulit
706 1286 958 1359 Scaliger.

924 1440 1015 1487 XX

131 1510 338 1562 Rutilia

243 1603 408 1647 Festus
439 1619 484 1661 p.
511 1609 597 1648 262
628 1603 691 1648 M.
731 1602 1040 1647 ‘Rutilium
1076 1602 1230 1646 rufum
1270 1602 1524 1660 significat,
1566 1602 1696 1646 cuius
1738 1616 1818 1647 co-

123 1662 239 1706 loris
265 1662 504 1729 studiosae
529 1662 675 1730 etiam
699 1662 921 1729 antiquae
943 1661 1169 1729 ‘mulieres
1194 1662 1394 1718 fuerunt,
1427 1662 1549 1705 unde
1565 1664 1818 1728 {traxerunt

123 1722 732 1826 &ffissmffiffiussssfsssa’
764 1720 1816 1835 effltiffiflffassstfrssssuissffssffifflffiss·'auffefi

122 1839 253 1883 enim
290 1839 444 1897 rutili,
492 1841 540 1884 et
585 1839 695 1884 inde
732 1839 950 1884 mulieres
989 1839 1129 1883 ualde
1171 1839 1302 1882 rufae
1340 1838 1572 1882 Rutilae
1619 1838 1810 1884 dictae.'

123 1899 183 1942 de
215 1912 376 1955 praen.
403 1904 428 1943 7
464 1898 783 1955 ‘antiquarum
804 1898 1053 1943 mulierum
1086 1935 1093 1942 .
1123 1935 1131 1943 .
1163 1897 1468 1955 praenomina
1489 1897 1679 1942 fuerunt
1700 1898 1817 1941 Ru-

119 1957 277 2001 tilia’
314 1957 397 2015 (sic
428 1958 581 2003 Vatic.
622 1957 830 2002 rutilla
861 1957 1109 2002 Torrenius
1147 1957 1330 2001 rutila
1368 1956 1527 2014 ceteri)
1562 1956 1816 2001 ‘Caesellia

122 2053 131 2060 .
163 2053 209 2062 ..
252 2030 280 2060 a
319 2017 474 2061 colore
515 2017 689 2062 ducta.’
752 2017 982 2061 Rutilia
1028 2030 1197 2060 nomen
1235 2018 1366 2061 extat
1405 2029 1442 2060 e.
1481 2030 1518 2060 c.
1559 2015 1610 2059 in
1648 2015 1756 2061 CIL
1788 2017 1812 2061 I

120 2091 169 2120 n.
198 2081 303 2132 144,
347 2076 546 2120 Rutila
584 2076 634 2120 in
673 2076 791 2121 CIN
828 2092 874 2123 n.
900 2078 1014 2121 5891

907 2216 1024 2263 XXI

122 2287 371 2353 comptus

243 2384 382 2428 Pauli
411 2385 576 2429 Festus
607 2401 652 2443 p.
677 2390 735 2430 40
766 2386 830 2432 M.
867 2386 1168 2441 ‘comptum
1197 2383 1419 2428 Afranius
1450 2398 1534 2441 pro
1567 2387 1736 2429 ornatu
1768 2387 1818 2430 et

125 2443 317 2487 excultu
346 2444 538 2501 posuit.’

895 2539 1038 2586 XXII

979 2641 1110 2675 num
1151 2622 1271 2691 quis
1309 2641 1394 2675 me
1434 2622 1702 2693 quaesiit?
1748 2654 1820 2661 —

123 2696 278 2749 Bona
316 2697 546 2749 fortuna.

248 2789 500 2846 Pompeius
530 2789 581 2833 in
610 2790 722 2835 CGL
744 2791 787 2834 V
816 2805 860 2846 p.
887 2794 970 2834 311
995 2789 1050 2835 K.
1079 2789 1451 2834 ‘charientismos
1585 2790 1818 2835 habemus

109 2848 281 2898 etiam
322 2849 448 2905 apud
488 2851 699 2894 auctores
738 2849 847 2894 hoc:
888 2862 992 2893 ecce
1022 2848 1248 2892 habemus
1286 2849 1336 2893 in
1367 2849 1575 2894 Afranio.
1635 2850 1819 2895 inter-

113 2922 137 2950 r
164 2910 303 2964 ogat
358 2921 578 2952 seruum
631 2908 992 2953 adulescens:
1045 2907 1307 2964 numquis
1355 2922 1437 2953 me
1490 2909 1818 2965 quaesiuit?
