2060 3140
647 147 954 193 CAECILIVS
986 147 1235 193 STATIVS
1711 148 1779 201 73

222 281 400 326 Gellius
430 281 496 325 111
529 285 597 337 16,
630 286 656 325 3
692 281 805 326 ‘hoc
841 280 968 325 idem
1001 280 1151 325 tradit
1181 280 1326 325 etiam
1355 280 1612 325 Menander
1640 283 1782 338 poeta

102 340 345 397 uetustior,
377 340 687 384 humanarum
718 339 990 397 opinionum
1020 339 1098 383 uel
1126 339 1451 397 peritissimus.
1484 340 1656 384 Versus
1682 339 1781 384 eius

102 413 240 456 super
271 413 327 444 ea
356 413 406 443 re
438 399 495 443 de
525 398 690 443 fabula
719 398 879 443 Plocio
902 398 1059 456 posui:
1091 400 1207 457 γυνὴ
1231 405 1340 444 κυεῖ
1358 397 1474 443 δέκα
1498 406 1667 456 μῆναςς
1693 413 1782 444 *201*

103 459 194 504 Sed
238 461 397 503 noster
443 457 731 503 Caecilius
777 473 897 502 cum
942 458 1165 503 faceret
1211 458 1405 502 eodem
1456 457 1680 502 nomine
1727 460 1783 502 et

102 517 354 562 eiusdem
385 517 707 574 argumenti
739 517 1091 561 comoediam
1113 531 1176 562 ac
1198 517 1474 574 pleraque
1499 531 1527 560 a
1550 517 1780 560 Menan-

102 577 201 620 dro
239 578 509 632 sumeret,
547 576 604 619 in
641 575 930 620 mensibus
969 579 1159 620 tamen
1203 575 1569 634 genitalibus
1603 575 1782 620 nomi-

100 635 308 679 nandis
338 649 449 679 non
479 635 877 692 praetermisit
901 638 1185 692 octauum,
1210 649 1372 691 quem
1393 634 1784 692 praeterierat

101 694 421 738 Menander.
486 694 678 739 Caecilii
708 708 870 738 uersus
901 694 1006 738 hice
1037 697 1168 740 sunt:
1201 694 1397 739 soletne’
1434 708 1471 739 e.
1497 709 1540 750 q.
1568 709 1601 738 s.
1649 694 1784 738 ‘Eam

102 767 201 797 rem
231 753 487 798 Caecilium
522 767 618 798 11011
654 753 998 797 inconsiderate
1038 753 1210 797 dixisse
1241 767 1392 809 neque
1422 756 1596 797 temere
1627 767 1656 797 a
1686 753 1783 797 Me-

101 812 281 856 nandro
314 814 456 868 atque
487 827 516 856 a
546 812 800 857 multorum
831 811 1129 869 opinionibus
1162 812 1414 856 desciuisse
1445 813 1507 858 M.
1532 812 1681 856 Varro
1712 811 1784 856 uti

100 872 342 915 credamus
373 871 521 916 facit.’
576 871 641 916 Cf.
674 870 834 915 Plauti
862 871 1029 928 Amph.
1062 875 1164 917 482.

219 965 242 1003 1
285 959 465 1004 soletne
499 958 741 1004 Hertzius¹
777 958 1010 1003 insoletne
1049 976 1106 1016 ω,
1144 960 1318 1004 mutari
1358 959 1509 1004 noluit
1546 958 1787 1003 Hertzius²

100 1018 316 1063 insuetne
347 1019 546 1063 Bothius
663 1023 689 1061 2
719 1032 901 1074 nonoq3
947 1018 1091 1062 etiam
1128 1018 1251 1064 Rott.
1284 1019 1396 1077 Rey.
1437 1019 1536 1064 Vat.
1569 1031 1785 1073 nonoque

100 1080 148 1122 et
179 1091 208 1125 ς
235 1091 359 1122 110110
399 1076 543 1121 etiam
582 1076 780 1134 septimo
821 1080 964 1133 atque
1005 1080 1172 1122 octauo
1210 1077 1340 1122 Jaemt.
1501 1076 1787 1134 Septenarios

100 1137 315 1194 discripsi
345 1151 447 1181 cum
477 1136 771 1182 Buechelero:
784 1167 787 1169 -
801 1139 910 1181 olim
941 1151 1043 1181 cum
1073 1138 1182 1182 aliis
1222 1138 1425 1182 senarios
1467 1137 1696 1181 dimensus
1735 1137 1788 1180 in

99 1197 240 1241 altero
281 1197 404 1240 110110
444 1209 629 1252 quoque
668 1198 810 1252 atque
850 1198 1019 1240 octauo
1061 1198 1202 1252 atque
1242 1195 1387 1240 etiam
1425 1195 1625 1252 septimo
1665 1196 1788 1240 ordi-

102 1257 270 1300 nabam

920 1335 968 1382 V

105 1419 371 1489 Pudebat,
409 1419 589 1490 credo,
626 1421 1206 1472 conmemoramenttim
1245 1419 1433 1488 stupri.

219 1519 400 1564 Nonius
433 1524 504 1576 84,
528 1525 554 1564 2
590 1503 1267 1565 ‘commemoramentum’
1303 1523 1410 1578 (om.
1443 1519 1567 1577 libri,
1602 1519 1789 1564 addidit

106 1578 292 1636 Junius)
327 1578 574 1624 ‘Caecilius
604 1579 786 1626 Plocio:
816 1579 1043 1637 pudebat’
1078 1593 1117 1626 e.
1149 1595 1193 1636 q.
1227 1595 1262 1624 s.

904 1706 977 1754 VI

102 1788 438 1858 Properatim
477 1789 533 1840 in
573 1788 807 1846 tenebris
843 1790 983 1842 istuc
1022 1790 1323 1843 confectum
1363 1790 1444 1841 est
1482 1807 1630 1858 opus,

222 1889 404 1933 Nonius
438 1894 537 1945 153,
572 1895 628 1933 14
663 1890 1060 1947 ‘properatim,
1091 1889 1143 1933 id
1174 1892 1246 1934 est
1274 1889 1611 1946 properanter.'
1656 1889 1786 1933 Idem

104 1953 203 2005 155,
236 1954 262 1992 3
297 1948 678 2005 ‘properatim
710 1951 760 1992 et
787 1949 1059 2006 properiter,
1092 1949 1318 2005 celeriter,
1348 1950 1652 2005 properanter

105 2007 549 2124 CaeciFliluIs)Plocio:
580 2008 883 2065 properatim'
919 2022 956 2053 e.
975 2023 1019 2065 q.
1037 2024 1072 2053 s.
1107 2008 1172 2066 (C.
1204 2007 1400 2052 Plocio
1431 2007 1785 2065 properatim

103 2079 190 2112 om.

221 2154 363 2214 istuc]
395 2157 530 2199 stunc
561 2173 596 2199 ω
622 2161 808 2212 praeter
840 2156 944 2202 Esc.
971 2171 1020 2213 p.
1049 2159 1134 2200 155

838 2335 841 2338 ,
891 2295 990 2343 VII

108 2378 460 2447 Consequitur
498 2396 673 2432 comes
710 2380 990 2449 insomnia,
1029 2397 1090 2432 ea
1128 2380 1298 2448 porro
1323 2378 1586 2431 insaniam
1617 2379 1785 2447 affert.

224 2478 405 2522 Nonius
445 2484 552 2537 209,
587 2485 641 2524 16
683 2480 1052 2524 ‘insomnium
1096 2479 1280 2537 generis
1325 2479 1493 2524 neutri.
1554 2479 1786 2524 Feminini

105 2536 335 2582 Caecilius
366 2538 546 2585 Plocio:
586 2539 901 2595 consequitur’
937 2553 974 2583 e.
1008 2554 1051 2594 q.
1085 2553 1120 2583 S.
1183 2538 1443 2596 (Plochio
1474 2539 1581 2596 HL)

224 2625 361 2670 affret
398 2627 464 2672 W
487 2627 640 2671 aufert
672 2628 722 2672 F
728 2627 772 2672 L
879 2628 1173 2673 Semo-iorum
1203 2629 1396 2673 duorum
1426 2628 1622 2672 dimidia
1652 2629 1786 2686 vulyo

98 2687 388 2741 ponebantur

880 2767 1005 2815 VIII

213 2892 223 2902 .
264 2851 309 2902 is
350 2849 562 2903 demum
599 2849 989 2904 infortunatust
1025 2850 1211 2921 hom0‚
1395 2912 1399 2915 ,

106 2936 317 3007 Pauper
355 2939 449 3007 qui
489 2939 666 2991 educit
701 2938 760 2992 1‘11
799 2942 1089 3010 egestatem
1126 2939 1350 3005 h'beros3
1790 2951 1874 2990 170
