2060 3140
665 122 972 169 CAECILIVS
1004 122 1254 168 STATIVS
1726 124 1799 176 45

124 259 332 334 μιιῖθὸν
371 258 452 302 καὶ
485 255 698 314 μάγειροι
736 257 918 301 δώδεκα
950 256 1044 300 Καὶ
1076 256 1348 313 δημιουργοὶ
1378 253 1557 313 μέλιτος
1588 256 1801 301 αἰτοῦσαι

124 334 322 374 σκαφας.

125 451 136 462 .
176 451 186 461 .
227 425 549 476 quamquam
588 425 687 478 ego
727 405 965 459 mercede
1003 405 1110 458 huc
1148 405 1439 458 conductus
1476 408 1572 458 tua

124 495 392 565 AdueniO,
429 513 495 548 ne
534 494 636 547 tibi
674 513 759 547 me
796 496 910 547 esse
949 494 1018 547 ob
1058 512 1173 547 eam
1211 512 1323 546 rem
1363 494 1655 547 obn6xium

124 584 315 637 Rcare:
355 583 563 636 audibis
601 583 762 652 male,
799 583 846 636 si
883 582 1021 635 male
1060 582 1193 635 dicis
1229 582 1378 635 mihi.

244 683 423 729 Gellius
446 685 511 729 Vl
536 689 605 741 17,
631 689 685 728 13
720 683 843 739 ‘quis
883 683 1000 727 adeo
1038 684 1138 726 tam
1167 682 1357 740 linguae
1387 683 1583 728 Latinae
1613 683 1803 741 ignarus

126 746 211 800 est,
244 743 365 800 quin,
391 743 510 788 sciat
540 757 646 788 eum
677 742 772 786 dici
803 741 1127 798 obnoxium,
1160 741 1234 785 cui
1265 742 1379 798 quid
1410 742 1469 787 ab
1503 756 1572 799 eo,
1605 742 1681 787 cui
1704 756 1804 787 esse

127 802 355 849 obnoxius
388 802 580 858 dicitur,
611 800 947 846 incommodari
978 802 1026 845 et
1055 800 1212 844 noceri
1241 801 1405 858 possit,
1442 803 1490 845 et
1520 801 1602 857 qui
1630 802 1806 846 habeat

128 863 334 919 aliquem
363 875 526 918 noxae,
557 861 608 904 id.
639 862 711 905 est
743 860 908 917 culpae
939 873 1050 904 suae
1082 859 1348 905 conscium?
1467 874 1561 916 qua
1590 874 1699 905 uero
1723 860 1805 904 ille

129 920 462 980 grammaticus
494 919 705 964 finitione
735 933 846 963 usus
877 921 962 975 est,
995 932 1052 963 ea
1074 917 1262 962 uidetur
1284 918 1334 962 in
1357 919 1501 963 uerbo
1526 921 1626 962 tam
1647 919 1807 964 multi-

127 981 242 1040 plici
288 994 430 1023 unam
474 981 661 1024 tantum
704 978 843 1022 modo
887 976 1239 1035 usurpationem
1285 977 1384 1022 eius
1429 979 1639 1035 notasse,
1687 992 1807 1034 quae

129 1040 319 1097 quidem
357 1037 571 1095 congruit
610 1052 715 1081 cum
753 1036 1044 1095 significatu,
1092 1051 1183 1092 quo
1225 1034 1453 1082 Caecilius
1499 1052 1610 1081 usus
1650 1040 1721 1082 est
1758 1036 1809 1081 in

130 1097 324 1156 Crysio
355 1097 414 1141 in
443 1097 516 1141 his
547 1096 780 1142 uersibus:
814 1097 1115 1152 quamquam’
1150 1109 1188 1140 e.
1213 1111 1256 1152 q.
1283 1111 1317 1141 s,
1365 1095 1581 1154 (Crysio
1613 1095 1671 1140 in
1693 1097 1806 1153 Reg.

128 1189 236 1234 Vat.
270 1168 387 1233 c¹sio
418 1185 476 1230 in
505 1186 653 1243 Rott.)
715 1167 1152 1241 Coquus'loquitur.

251 1282 274 1321 1
306 1277 396 1320 hac
435 1275 496 1319 ad
535 1275 702 1318 ductus
734 1275 859 1319 Rott.
981 1278 1007 1316 2
1041 1272 1292 1317 obnoxium
1331 1273 1391 1317 ob
1424 1286 1528 1317 eam
1557 1287 1655 1318 rem
1686 1274 1808 1320 Rott.

249 1342 274 1380 3
308 1334 425 1379 dicis
458 1335 559 1380 Vat.
599 1333 720 1377 dixis
754 1334 915 1379 Carrio

787 1457 1154 1506 DARDANVS

252 1555 501 1614 Δάρδανος
530 1554 810 1600 Menandri?

132 1650 230 1704 Nil
269 1648 395 1718 Spei
434 1665 532 1718 ego
573 1646 727 1699 credo
738 1689 752 1716 ,
790 1645 964 1698 omnis
1001 1663 1085 1698 res
1123 1645 1319 1714 spissas
1356 1645 1499 1698 facit.
1845 1656 1900 1696 25

252 1748 433 1793 Nonius
447 1753 547 1803 392,
563 1752 616 1791 15
638 1748 651 1769 ‘
664 1745 780 1803 spis
792 1760 908 1789 sum
923 1745 1158 1803 significat
1173 1746 1339 1790 tarde.’
1367 1746 1633 1803 (tardano
1650 1747 1687 1789 B
1699 1745 1813 1804 GH)

253 1838 323 1881 nil
347 1836 455 1894 Spei
486 1849 572 1893 ego
603 1836 767 1892 scripsi
800 1836 966 1890 (eodem
995 1836 1229 1880 verborum
1260 1835 1418 1879 ordine
1440 1835 1653 1892 Lindsay
1684 1836 1813 1880 class.

135 1913 223 1944 rev.
255 1897 298 1941 X
331 1901 444 1940 1896
484 1911 532 1952 p.
570 1896 673 1950 425)
718 1893 838 1936 nihil
877 1907 963 1950 ego
1004 1893 1103 1950 spei
1134 1893 1333 1938 H'LW
1364 1893 1426 1951 (ei
1463 1899 1568 1938 ante
1606 1906 1692 1950 ego
1722 1895 1817 1949 fuit

136 1972 239 2003 cum
276 1957 417 2001 inseri
453 1955 621 2011 vellem)
667 1952 788 1996 nihil
826 1951 895 1996 rei
933 1966 1018 2009 ego
1058 1953 1240 1997 ΒΘΗ1
1284 1951 1354 1995 nil
1401 1954 1485 2009 ego
1526 1951 1625 2009 spei
1664 1952 1814 2009 credo,

137 2030 279 2072 quom
303 2029 435 2072 prop.
469 2014 656 2071 quidam
746 2010 896 2068 spissa
927 2012 1029 2055 BP

868 2134 1089 2185 DAVOS

141 2232 223 2285 Ea
260 2234 378 2284 tum
416 2247 698 2299 conpressa
735 2228 879 2297 parit
915 2227 1040 2280 huic
1079 2245 1329 2298 puerum,
1365 2218 1470 2279 sibi
1507 2226 1778 2296 probrum.

261 2331 425 2375 Festus
463 2345 508 2387 p.
536 2335 620 2374 229
644 2330 706 2374 M.
758 2329 1066 2386 ‘probrum,
1115 2331 1344 2385 stuprum,
1390 2326 1623 2384 flagitium
1668 2354 1723 2361 —
1762 2355 1820 2361 —

143 2390 373 2436 Caecilius
404 2389 454 2432 in
485 2389 665 2434 Dauo:
698 2389 770 2432 ea’
799 2402 836 2432 e.
862 2403 905 2444 q.
932 2403 965 2432 s,
1027 2387 1289 2431 Dardano
1323 2386 1586 2443 suspicatur
1618 2387 1820 2445 Spenge-

141 2450 233 2494 lius
264 2465 308 2506 p.
336 2455 384 2506 5,
417 2449 499 2492 sed
530 2448 586 2493 cf.
619 2447 903 2492 Ritschelius
935 2448 1119 2504 Parerg.
1144 2447 1166 2490 I
1191 2451 1287 2491 143.

780 2571 1184 2621 DEMANDATI

147 2665 205 2719 Si
243 2669 496 2735 umquam
534 2665 815 2734 quisquam
845 2664 986 2716 uidit
1017 2683 1174 2733 quem
1206 2663 1476 2732 catapulta
1506 2666 1599 2716 aut
1629 2663 1824 2716 balista

1202 2751 1358 2805 fcerit

264 2847 443 2891 Nonius
470 2852 576 2902 124,
602 2852 627 2891 6
662 2846 793 2891 ‘icit
825 2846 1058 2903 significat
1087 2845 1310 2903 percutit,
1343 2845 1402 2889 ab
1432 2845 1532 2892 ictu
1556 2882 1566 2892 .
1586 2882 1596 2892 .
1616 2846 1644 2892 .’

268 2943 408 2984 quam
440 2928 567 2972 ΕΗ1
1082 2906 1086 2911 ἱ
