2060 3140
245 112 352 194 372
730 140 1047 185 LENTVLVS
1107 140 1432 185 MARVLLVS

247 280 423 330 cutem
477 293 659 328 caesus
713 278 766 327 et
818 275 960 345 ultra
1012 275 1153 327 inter
1205 275 1435 342 fullones
1487 275 1594 328 iam
1645 274 1923 329 Nouianos

246 364 577 418 coronandus
641 363 940 431 meritoque
1010 362 1448 434 mimographo
1518 362 1789 417 Lentulo
1859 364 1924 416 in

250 451 701 506 Catinensibus
756 453 1281 503 commemoratus
1332 451 1519 519 utique
1574 451 1713 503 sicut
1764 452 1923 504 uesti-

247 541 336 612 gia
366 543 606 592 cestuum
637 538 791 591 uiriis
823 539 1121 608 occupauit,
1152 539 1228 591 ita
1259 542 1312 591 et
1343 538 1666 592 endromidis
1694 539 1925 593 solocem

248 629 426 697 aliqua
463 628 703 680 multicia
745 627 985 696 synthesi
1031 627 1293 680 extrusit.9
1373 626 1449 680 Cf.
1489 626 1638 680 Furii
1680 629 1926 682 Bibaculi

247 717 305 769 in
344 716 507 769 schol.
538 714 718 769 Iuven.
753 717 802 786 8,
837 716 903 768 16
950 734 1164 768 versum
1204 715 1356 768 ‘Osce
1402 734 1560 769 senex
1603 715 1925 786 Catinaeque

245 823 391 875 puer,
432 803 669 857 Cumana
707 804 995 857 meretrix.9

554 1018 1036 1087 LENTVLI.
1129 1016 1616 1089 HOSTILII

363 1155 673 1211 Hieronymus
711 1156 815 1199 adv.
849 1156 998 1200 Rufin.
1034 1156 1078 1199 Π
1115 1171 1158 1212 p.
1184 1160 1272 1199 414
1314 1157 1380 1199 ‘et
1418 1155 1554 1211 quasi
1590 1155 1783 1199 mimum
1820 1154 1930 1198 Phi-

251 1213 453 1258 listionis
485 1214 561 1257 uel
591 1214 779 1258 Lentuli
812 1229 865 1259 ac
890 1214 935 1271 (1.
969 1217 1069 1271 aut)
1099 1214 1289 1258 Marulli
1330 1215 1569 1271 stropham
1600 1213 1806 1271 eleganti
1837 1227 1930 1257 ser-

250 1286 386 1316 mone
426 1273 705 1332 confictam’.
769 1273 835 1318 Of.
869 1273 1185 1317 Tertullianus
1218 1274 1280 1317 ad
1308 1273 1525 1318 nationes
1556 1274 1579 1317 I
1611 1279 1666 1317 10
1700 1274 1931 1317 Mercator

250 1332 300 1375 in
336 1332 536 1375 Marium
574 1348 620 1389 p.
646 1338 671 1376 9
712 1333 763 1376 Β.
808 1336 939 1390 (mus.
972 1333 1118 1377 Rhen.
1152 1338 1230 1389 44,
1265 1335 1368 1390 530)
1414 1332 1645 1376 Anubidis
1690 1331 1930 1389 personati

252 1406 311 1434 sc.
346 1391 627 1435 adulterium
666 1392 859 1448 aliquod
896 1392 998 1449 ipso
1032 1406 1168 1436 aerae
1202 1393 1390 1436 nostrae
1430 1391 1567 1435 initio
1600 1393 1775 1436 Romae
1807 1405 1929 1435 com-

238 1450 441 1494 >*missum
474 1451 694 1507 Iosephus
736 1451 952 1507 antiquit.
978 1451 1127 1496 XVIII
1158 1457 1198 1508 3,
1223 1457 1251 1495 4
1289 1453 1470 1508 narrat3
1513 1451 1571 1495 de
1611 1451 1741 1495 Luno
1774 1449 1926 1495 Carris

248 1510 373 1553 culto
406 1509 680 1566 Spartianus
711 1510 762 1554 in
793 1510 1023 1555 Caracalli
1053 1510 1154 1555 vita
1186 1525 1223 1555 c.
1251 1516 1289 1555 7.
1516 1537 1518 1539 ·

359 1615 721 1668 Tertullianus
776 1615 983 1686 apolog.
1032 1615 1099 1668 15
1155 1616 1420 1685 ‘dispicite
1472 1615 1825 1668 Lentulorum
1878 1618 1931 1667 et

248 1703 607 1756 Hostiliorum
643 1707 952 1756 uenustates
996 1707 1180 1756 utrum
1218 1704 1411 1757 mimos
1454 1722 1522 1756 an
1561 1704 1685 1757 deos
1724 1706 1931 1756 uestros

248 1793 304 1843 in
349 1792 480 1844 iocis
527 1795 579 1844 et
627 1790 863 1862 strophis
907 1792 1146 1844 rideatis:
1197 1792 1520 1845 moechum
1566 1790 1823 1843 Anubin
1871 1794 1931 1843 et

247 1881 595 1933 masculum
655 1879 891 1933 Lunam
955 1883 1015 1932 et
1077 1880 1342 1933 Dianam
1407 1880 1807 1951 flagellatam
1869 1883 1929 1932 et

247 1968 422 2021 Iouis
476 1970 715 2021 mortui
769 1972 1221 2022 testamentum
1273 1969 1613 2022 recitatum
1676 1971 1736 2021 et
1796 1971 1928 2020 tres

250 2056 557 2110 Hercules
602 2057 934 2110 famelicos
980 2058 1251 2111 inrisos?

750 2269 1416 2342 MARVLLVS

366 2408 435 2452 De
470 2408 691 2452 MAnvnno
731 2407 1003 2452 testimonia
1044 2409 1305 2466 composuit
1340 2408 1572 2466 Hauptius
1611 2409 1764 2452 Herm.
1798 2408 1818 2450 I
1848 2413 1926 2453 43:

252 2467 371 2510 adde
404 2467 447 2512 S.
472 2467 660 2511 Paulini
691 2467 834 2524 epigr.
868 2467 918 2510 in
948 2482 1069 2524 corp.
1097 2468 1206 2512 eccl.
1235 2468 1317 2512 lat.
1347 2474 1414 2526 16,
1442 2474 1526 2513 499
1559 2483 1601 2512 v.
1630 2472 1705 2523 79,
1748 2467 1805 2511 de
1836 2481 1927 2522 quo

250 2526 476 2570 Manitius
507 2526 557 2569 in
588 2541 703 2571 mus.
729 2527 875 2571 Rhen.
902 2531 971 2583 50,
999 2532 1096 2571 153.

791 2665 1066 2714 INGERTI
1103 2665 1384 2715 NOMINIS

1075 2755 1101 2803 I

517 2881 527 2890 .
606 2841 666 2891 tu
705 2837 991 2891 Hectorem
1030 2839 1261 2891 imitare:
1309 2838 1375 2890 ab
1414 2837 1530 2891 'Ilio

240 2924 559 2994 ,Numquam
599 2926 814 2979 recedis
