2060 3140
226 128 295 181 72
437 122 442 127 ’
768 126 1075 173 CAECILIVS
1106 126 1355 172 STATIVS

223 263 301 317 Vt
337 263 590 317 deuomas
624 264 743 316 uolt
780 261 924 333 quod
959 263 1090 315 foris
1127 263 1412 340 potaueris.
1879 277 1903 310 5

343 364 521 408 Gellius
551 365 595 408 Il
627 369 699 419 23,
732 369 783 407 11
832 365 1034 420 ‘praeter
1063 364 1360 407 uenustatem
1390 364 1548 407 autem
1576 377 1729 407 rerum
1761 365 1903 419 atque

225 424 474 468 uerborum
503 423 554 467 in
586 423 767 466 duobus
798 421 932 465 libris
962 435 1259 477 nequaquam
1350 435 1448 465 rem
1477 437 1527 465 m
1557 422 1647 466 hoc
1686 422 1903 478 equidem

226 483 352 527 soleo
400 482 608 526 animum
649 481 910 537 attendere,
957 480 1083 536 quod
1124 493 1245 535 quae
1287 436 1543 525 §Periander
1583 481 1824 548 praeclare
1856 484 1906 525 et

227 540 439 598 apposite
471 543 519 584 et
548 539 700 584 facete
732 539 934 596 scripsit,
966 552 1022 583 ea
1053 538 1283 583 Caecilius
1313 553 1372 583 ne
1403 554 1496 595 qua
1525 539 1684 596 potuit
1713 541 1904 607 quidem

226 602 420 645 conatus
453 602 525 643 est
555 612 782 666 enarrare,
816 598 897 642 sed
929 596 1064 654 quasi
1094 597 1285 642 minime
1314 598 1564 655 probanda
1589 598 1905 655 praetermisit

226 661 274 703 et
312 658 409 703 alia
445 657 602 702 nescio
641 671 764 713 quae
800 656 990 701 mimica
1026 656 1284 701 inculcauit
1323 658 1371 701 et
1408 656 1528 700 illud
1567 657 1810 702 Menandri
1845 658 1902 702 de

224 718 327 762 uita
364 717 606 761 hominum
642 715 799 760 med-ia
839 718 1075 773 sumptum
1112 715 1310 773 simplex
1349 717 1397 760 et
1426 729 1589 760 uerum
1621 719 1668 760 et
1700 716 1904 761 delecta·

224 776 321 820 bile
361 776 518 820 nescio
566 790 657 832 quo
703 778 844 833 pacto
892 774 1063 819 omisit.
1123 775 1275 819 Idem
1321 774 1467 819 enim
1514 774 1619 819 ille
1665 775 1905 820 maritus

225 849 396 880 senex
434 849 554 879 cum
594 834 778 879 altero
819 847 948 878 sene
996 833 1190 878 uicino
1240 834 1579 890 colloquens
1620 837 1676 879 et
1713 835 1906 879 uxoris

223 894 539 952 locupletis
571 893 901 951 superbiam
931 894 1243 950 deprecans
1276 893 1417 937 haec
1449 893 1556 938 ait.

403 981 488 1041 ἔχω
521 981 568 1027 δ’
604 981 853 1039 ἐπίκληρον
885 981 1092 1057 Λάμιαν
1126 983 1212 1027 όῦκ
1244 980 1409 1057 εἴρηκά
1440 997 1513 1027 σοι

401 1040 547 1097 τοῦτ’;
580 1038 664 1086 εἶτ’
701 1041 779 1098 ἄρ’
816 1040 939 1098 οὐχί;
970 1039 1137 1097 κυρίαν
1167 1048 1248 1098 τῆς
1280 1039 1430 1092 οἰκίας

402 1102 483 1145 καὶ
512 1108 604 1146 τῶν
612 1101 790 1175 ἀγρῶν
821 1101 901 1145 καὶ
929 1108 1023 1144 τῶν
1052 1099 1273 1145 ἁπάντων
1305 1100 1524 1156 ἄντικρυς

405 1160 588 1217 ἔχομεν,
612 1158 846 1215 Ἄπολλον,
879 1160 939 1211 ὡς
970 1162 1182 1234 μελετῶν
1213 1160 1551 1217 χαλεπώτατον.

402 1218 551 1263 ἅπασι
581 1217 625 1263 δ’
663 1217 905 1276 ἀργαλέα’
913 1233 1026 1273 στιν,
1059 1219 1144 1263 οὐκ
1177 1218 1277 1276 ἐμοὶ
1309 1216 1447 1294 μόνῳ,

401 1278 486 1381 νέξ)
516 1278 634 1382 {coiit
666 1281 858 1335 μᾶλλον,
890 1279 1107 1336 θυγατρί.
1141 1279 1161 1327 H’
1192 1275 1371 1334 πρᾶγμ’
1407 1277 1589 1334 ἄμαχον
1618 1276 1787 1334 λέγεις·

404 1352 425 1381 ε
488 1352 512 1381 ο
535 1339 596 1382 δα

227 1424 456 1471 Caecilius
488 1438 598 1469 uero
630 1424 718 1468 hoc
749 1424 799 1468 in
829 1423 932 1468 loco
964 1424 1187 1468 ridiculus
1218 1424 1370 1482 magis
1395 1438 1536 1480 quam
1557 1437 1786 1481 personae
1810 1423 1907 1480 isti,

226 1486 367 1541 qu'am
408 1483 666 1540 tractabat,
711 1485 847 1540 aptus
892 1485 1032 1540 atque
1076 1483 1355 1528 conueniens
1400 1483 1554 1527 uideri
1583 1482 1765 1527 maluit.
1830 1482 1907 1527 Sic

227 1543 352 1588 enim
381 1544 497 1588 haec
528 1542 752 1599 corrupit.
796 1542 878 1586 sed
908 1543 1009 1587 tua'
1044 1557 1081 1588 e.
1115 1558 1159 1599 q.
1193 1558 1226 1587 s
1289 1542 1469 1587 Nonius
1503 1546 1603 1598 233,
1638 1543 1711 1586 7‘
1723 1540 1913 1586 anima

226 1618 409 1647 rursum
447 1602 589 1647 alitus
628 1601 720 1646 oris
764 1604 812 1646 et
859 1602 973 1646 odor
1005 1638 1051 1647 ..
1116 1601 1411 1647 ,Caecilius:
1459 1615 1605 1658 quae
1653 1600 1793 1644 mihi
1827 1637 1834 1645 .
1863 1637 1871 1645 .
1900 1638 1910 1645 .

233 1661 451 1706 anima.’

348 1783 370 1823 1
403 1783 488 1824 ua!
518 1785 687 1836 rogas?
717 1779 882 1835 scripsi
911 1794 943 1835 q
979 1792 1052 1822 me
1084 1792 1220 1836 rogas
1254 1778 1377 1824 Rott.
1412 1793 1553 1835 quam
1588 1792 1777 1836 errogas
1810 1779 1910 1845 Vat:

228 1852 370 1894 quam
400 1851 563 1894 erogas
595 1838 704 1896 Rey.
737 1851 892 1893 quam,
923 1844 1095 1904 rogas?
1122 1853 1252 1896 prop.
1285 1837 1435 1883 coroll.
1468 1837 1617 1882 XXIX
1770 1843 1795 1880 2
1827 1837 1910 1894 qui

231 1897 351 1950 Quia
380 1897 572 1941 tandem
603 1897 714 1963 Ray.
747 1911 863 1952 quas
895 1895 978 1953 qui
1007 1896 1200 1942 tandem
1230 1898 1355 1942 Rott.
1447 1902 1473 1941 3
1507 1896 1669 1941 adsedi
1693 1896 1842 1941 Nonii
1868 1898 1911 1942 G

231 1956 384 2000 atsedi
413 1957 458 2000 L
498 1954 684 2000 adsedit
715 1956 788 2000 H¹
820 1955 1041 2013 asseditp
1087 1970 1141 2000 ac
1172 1956 1273 2000 sedi
1306 1957 1577 2001 Guilelmius
1754 1955 1912 2000 auium

154 2018 157 2021 '
230 2016 353 2061 Non.
385 2033 420 2060 ω
542 2020 568 2060 5
601 2027 789 2059 euomas
823 1973 1041 2060 Cobetusq)

1031 2169 1110 2218 ΠΙ

230 2253 445 2308 Placere
485 2253 690 2324 occepit
727 2253 986 2326 grauiter,
1021 2257 1147 2324 post
1185 2272 1345 2323 quam
1385 2255 1691 2308 emortuast.

348 2355 527 2399 Nonius
560 2358 667 2412 314,
703 2359 757 2399 18
803 2355 930 2398 ‘nam
973 2356 1021 2399 et
1062 2354 1322 2411 grauiter
1362 2355 1562 2398 multum
1602 2355 1909 2412 intellegitur.

233 2412 460 2458 Caecilius
491 2414 673 2460 Plocio:
704 2413 907 2471 placere'
943 2427 980 2458 e.
1013 2428 1056 2470 q.
1091 2428 1123 2457 s.
1187 2413 1463 2471 (Procilio
1495 2413 1738 2472 BGH¹P²)

234 2562 256 2604 t
351 2505 606 2547 emortuast
636 2503 802 2559 scripsi
843 2504 1076 2546 emortuas
1114 2502 1291 2547 Βίῖ-Ιι1
1331 2504 1542 2547 emortua
1581 2504 1653 2547 Η1
1691 2504 1763 2547 est
1791 2517 1913 2547 mor-

258 2574 320 2604 ua
351 2578 386 2618 φ

1037 2657 1110 2704 IV

252 2736 466 2791 Soletne
511 2740 704 2792 mulier
751 2741 953 2794 decimo
1007 2758 1187 2793 mense
1238 2741 1460 2810 parere}>
1508 2773 1578 2779 —
1623 2738 1723 2793 Pol
1769 2741 1912 2792 110116

1204 2846 1430 2898 quoque,

149 2929 233 2968 165
249 2914 447 2967 'Etiam
486 2916 712 2984 septimo
752 2918 912 2986 atque
953 2920 1158 2970 octauo,
1202 2981 1205 2984 ρ
