2060 3140
875 131 1100 177 NOVIVS
1714 132 1818 184 317

857 300 1117 350 MAGOVS

430 443 433 445 Α
972 405 998 452 Ι

151 486 369 556 ΞοάΙΡθε
409 487 589 540 dentes
628 488 930 557 derepente,
969 489 1026 540 in
1063 490 1250 541 scaena
1288 489 1334 541 si
1370 488 1684 558 peccaueris

271 601 451 645 Nonius
484 606 584 658 518,
615 607 670 646 14
704 603 1030 659 ‘derepente
1063 639 1072 648 .
1101 640 1109 648 .
1139 640 1146 648 .
1179 603 1358 648 Nouius
1389 604 1604 649 Maccho:
1637 603 1822 660 scalpis’

153 675 193 705 e.
219 675 263 716 q.
289 675 323 705 s,
716 680 719 681 ⁷
1263 683 1265 685 ·

275 749 454 806 scalpes
482 749 679 794 Bothius
709 750 878 806 scalpis
909 767 943 794 ω
1046 751 1293 807 derepente
1323 757 1477 796 utram
1506 752 1568 796 ad
1596 746 1828 808 sequentia

155 824 221 853 an
251 810 314 853 ad
338 810 499 866 priora
523 811 752 865 pertineat
780 811 1041 867 ambiyuum
1153 824 1290 854 scena
1321 827 1355 854 ω
1395 823 1510 854 cena
1539 811 1604 855 ed.
1629 825 1672 855 a.
1699 814 1827 866 1471,

154 869 261 922 fort.
285 874 398 913 recte
515 868 596 911 An
624 867 923 924 peccauerit?

970 1022 1022 1070 II

1212 1091 1436 1160 pecunia
1860 1107 1916 1146 45

158 1177 335 1241 Quid?
381 1179 583 1232 bonum
612 1179 774 1232 breue
807 1181 908 1250 est,
939 1179 1209 1249 respondi,
1242 1178 1576 1232 Sardiniense
1608 1180 1830 1232 caseum.

277 1294 457 1339 Nonius
496 1299 596 1351 200,
630 1300 655 1338 9
698 1295 913 1339 ‘caseus
951 1294 1105 1339 neutri
1143 1295 1322 1339 Nouius
1360 1295 1574 1340 Maccho:
1613 1294 1829 1351 pecum'a’

158 1368 198 1398 e.
226 1369 268 1409 q.
296 1369 328 1398 s.

281 1448 306 1486 2
347 1442 461 1498 quid
491 1442 666 1486 bonum
697 1441 811 1498 quid
839 1442 1014 1486 bonum
1043 1442 1261 1499 respondi
1293 1443 1411 1486 F¹L
1538 1442 1833 1487 Sardiniense

164 1502 339 1547 Onions
370 1501 518 1545 sardis
550 1500 769 1545 ueniense
793 1501 1029 1545 EFssHL
1061 1501 1208 1545 sardis
1239 1501 1430 1546 ueniens
1454 1501 1685 1547 F'H‘W
1708 1501 1834 1546 sardi

160 1561 272 1605 ueni
306 1561 370 1605 F¹
402 1575 427 1605 e
460 1560 617 1604 Sardis
649 1560 840 1604 ueniens
873 1561 1099 1605 Mwnkius

769 1742 1027 1792 MAOOVS
1069 1741 1235 1792 OOPO

164 1842 424 1896 Actutum
463 1843 623 1895 scibis
631 1885 645 1913 ,
684 1861 804 1894 cum
842 1842 901 1894 sn
937 1860 1102 1894 neruo
1140 1842 1426 1895 nictebere.

284 1958 448 2002 Festus
479 1974 522 2014 p.
551 1963 634 2001 177
666 1958 727 2002 Μ.
764 1957 1003 2001 ‘nictare
1044 1959 1091 2001 et
1125 1957 1363 2001 oculorum
1394 1960 1441 2001 et
1472 1957 1668 2002 aliorum
1696 1971 1836 2001 mem-

164 2018 354 2061 brorum
383 2017 489 2061 nisu
522 2030 659 2073 saepe
693 2016 872 2072 aliquid
903 2015 1061 2060 conari
1092 2016 1269 2060 dictum
1293 2018 1364 2060 est
1387 2016 1447 2060 ab
1472 2015 1677 2072 antiquis
1703 2043 1756 2050 -—-
1782 2043 1836 2049 —

166 2075 346 2121 Nouius
378 2076 428 2119 in
458 2076 652 2119 Macoho
686 2089 881 2131 copone:
919 2076 1146 2119 actutum’
1174 2089 1211 2119 e.
1238 2090 1280 2130 q.
1307 2090 1341 2119 s,

254 2179 426 2282 1,sgibis
452 2180 652 2237 Scaliyer
683 2178 802 2222 scrib
830 2180 923 2223 eod.
959 2178 1131 2222 scribes
1160 2179 1353 2222 Vrsinus
1440 2177 1677 2222 nictabere
1707 2178 1840 2236 vulyo

165 2253 253 2283 nec
278 2253 305 2282 a
341 2252 415 2282 ere
446 2241 540 2284 eod.

771 2375 1030 2424 MAOOVS
1070 2375 1246 2423 EXVL

994 2479 1020 2526 Ι

242 2565 367 2618 Em:
412 2564 559 2617 dixin
598 2565 800 2616 iturum
836 2563 1107 2616 hominem
1145 2564 1202 2615 in
1241 2563 1440 2616 Tuscos
1477 2562 1731 2615 tolutim?

288 2665 466 2710 Nonius
497 2671 547 2721 4,
581 2670 606 2708 9
642 2664 898 2708 ‘tolutim
936 2663 1107 2708 dicitur
1144 2664 1279 2720 quasi
1319 2662 1518 2707 uolutim
1548 2663 1625 2707 uel
1659 2662 1843 2707 uolubi-

170 2724 279 2768 liter
319 2763 327 2771 .
361 2761 370 2769 .
407 2762 414 2769 .
455 2723 633 2768 Nouius
677 2722 936 2768 Gallinaria
982 2723 1063 2781 [ΙΙ]
1109 2722 1235 2767 idem
1280 2723 1440 2767 Macco
1488 2722 1641 2768 exule:
1688 2721 1840 2766 edixi’

175 2797 213 2828 e.
239 2799 282 2840 q.
309 2799 342 2829 s.

293 2887 366 2916 em
397 2871 526 2915 dixin
555 2873 718 2928 scripsi
749 2876 772 2915 e
798 2871 895 2914 dixi
918 2871 973 2915 H
988 2872 1049 2916 W
1074 2873 1146 2914 est
1177 2870 1275 2913 dixi
1297 2871 1427 2915 BaL
1458 2870 1615 2914 edixin
1637 2870 1845 2927 Bothius,

174 2934 255 2988 qui
283 2933 491 2977 baecheos
521 2933 726 2990 aynovit:
759 2944 846 2988 pro
875 2932 1120 2987 septenarii
1150 2931 1283 2975 iamb.
1314 2931 1462 2985 frusto
1491 2931 1577 2974 alii
1606 2930 1768 2975 habent
