2060 3140
703 101 968 146 Ducmvs
998 101 1293 146 LABERJVS
1521 171 1525 175 .
1726 101 1830 154 351

157 234 322 278 natal
356 235 457 278 Par.
486 234 522 287 Q
556 234 672 278 Dan.
697 234 838 292 Magl.
863 234 995 278 Voss.
1022 234 1054 278 Z
1092 249 1150 278 m.
1178 239 1203 277 2
1240 236 1394 291 (nata
1422 250 1480 278 m.
1508 237 1551 290 1)
1590 237 1752 279 nata.
1786 234 1831 278 1.

159 293 290 337 Voss.
316 294 356 336 X
394 295 557 337 nata.
590 293 654 337 L.
686 294 846 338 Petav.
882 293 1210 337 Natalicius
1242 292 1566 337 Fleckeisenus
1600 293 1833 337 Natalis

159 352 235 396 vel
265 353 446 396 Natta
475 352 670 396 Bothius
788 351 1095 409 pittacium
1123 353 1252 409 Reg.‚
1286 367 1374 398 om.
1397 352 1544 410 Lugd.
1575 351 1831 409 pittaciu

163 411 305 468 Magl.
336 410 648 468 pictacium
679 411 838 456 Petav.
873 410 1159 468 capitatifi
1189 411 1348 464 Par.Q

973 580 1023 627 H

231 663 433 717 'Induis
473 665 750 735 capitium,
792 665 1001 717 tunicae
1038 664 1334 733 pittacium.

278 780 504 837 capitium
527 781 637 824 Pasr.
661 780 698 837 Q
720 794 775 823 m.
796 784 820 822 2
855 779 1012 836 captifi
1045 780 1164 824 Voss.
1184 780 1237 823 X
1263 778 1454 836 captiufi
1470 780 1579 825 Par.
1600 781 1638 838 Q
1661 781 1779 825 Voss.
1794 781 1840 824 Z

162 840 271 898 Rey.
298 840 444 898 Mayl.
479 840 597 884 Voss.
623 839 675 882 X
703 853 758 882 m.
786 843 811 881 2
916 837 1071 881 induis
1104 837 1339 895 Capitium
1369 838 1556 882 tunicae
1586 839 1834 896 pittacium

161 900 392 1002 ngvit
446 898 784 942 Fleckeise‘nus:
840 899 952 941 mihi
1004 903 1254 942 tetrameter
1307 898 1495 943 creticus
1546 900 1835 967 catalecticus

753 1108 1239 1158 NEGYOMANTIA

279 1206 473 1262 Propter
508 1205 563 1249 fr.
587 1205 630 1248 H
667 1219 761 1249 non
800 1207 908 1249 ante
947 1220 1120 1250 annum
1157 1211 1240 1251 710
1280 1209 1435 1251 actam
1471 1206 1614 1251 fuisse
1651 1207 1834 1252 monuit

163 1264 488 1309 Fleckeisenus
528 1264 661 1321 epist.
703 1265 764 1308 ad
801 1265 1039 1308 Hertzium
1083 1281 1127 1323 p.
1160 1270 1228 1310 39.
1297 1266 1668 1310 Inlustraverunt
1708 1266 1834 1310 idem

160 1325 471 1368 Mommsenus
501 1323 608 1368 hist.
635 1324 765 1368 Rom.
790 1324 877 1367 111⁸
904 1329 987 1367 591
1022 1327 1069 1368 et
1098 1325 1325 1382 Bergkius
1357 1339 1510 1382 opusc.
1535 1326 1557 1368 Ι
1586 1330 1673 1370 408
1697 1341 1763 1381 sq.

985 1494 1010 1540 I

160 1577 304 1629 Dum
345 1576 543 1629 diutius
582 1577 854 1646 retinetur,
893 1577 1062 1629 nostri
1101 1577 1300 1629 obh'tus
1339 1581 1431 1631 est.

282 1677 461 1722 Gellius
492 1677 576 1720 XX
608 1683 648 1732 6,
675 1683 699 1722 6
736 1679 847 1721 ‘non
875 1677 1036 1734 paucis
1067 1677 1116 1721 in
1146 1678 1261 1722 locis
1296 1678 1479 1722 nostri
1519 1681 1659 1735 atque
1690 1678 1835 1723 uestri

165 1736 361 1792 dictum,
407 1751 502 1780 non
538 1739 749 1780 nostrum
788 1739 871 1781 aut
907 1739 1125 1781 uestrum.
1168 1775 1175 1781 .
1211 1774 1219 1782 .
1256 1775 1263 1782 .
1304 1738 1526 1782 Laberius
1568 1737 1617 1781 in
1655 1738 1835 1795 Necyo-

162 1795 362 1840 mantia:
396 1796 523 1839 dum'
552 1809 588 1840 e.
614 1811 656 1852 q.
684 1811 717 1840 s.
752 1796 1159 1854 (necromantia
1190 1797 1332 1853 Magl.
1361 1799 1572 1854 recentt.)

286 1883 521 1927 detinetur
551 1884 698 1942 Mayl.
724 1884 833 1942 Rey.

981 2010 1031 2057 H

165 2092 311 2144 Duas
342 2093 570 2145 uxores?
615 2093 791 2172 hercle
822 2093 925 2145 hoc
954 2094 1075 2162 plus
1104 2094 1287 2164 negoti
1320 2097 1423 2164 est,
1460 2093 1636 2164 inquit
1667 2095 1838 2148 cocio:

167 2180 274 2233 Sex
306 2181 500 2233 aediles
530 2181 752 2234 uiderat.

286 2281 462 2325 Gellius
494 2282 599 2326 XVI
633 2288 672 2339 7,
699 2288 753 2326 12
789 2283 928 2327 ‘item
964 2282 1014 2326 in
1043 2282 1382 2339 Necyomantia
1421 2283 1704 2328 cotionem
1736 2298 1837 2341 per-

165 2340 360 2397 uulgate
385 2340 512 2395 dicit,
544 2355 682 2397 quem
705 2344 886 2386 ueteres
911 2341 1194 2385 arillatorem
1219 2341 1445 2387 dixerunt.
1492 2343 1648 2386 Verba
1670 2342 1839 2387 Laberi

165 2399 282 2442 haec
315 2402 443 2445 sunt:
478 2401 610 2444 duas’
639 2415 676 2445 e.
702 2416 745 2457 q.
772 2416 805 2445 s.
838 2401 1243 2458 (necromantia
1274 2401 1435 2458 Magl.)

289 2494 310 2531 1
330 2488 483 2532 hercle
499 2488 587 2532 hoc
603 2490 799 2534 Bothius
821 2490 909 2533 hoc
925 2489 1080 2533 hercle
1097 2491 1146 2547 (s.
1160 2489 1365 2547 hercule)
1383 2507 1416 2534 ω
1487 2490 1672 2547 negocii
1688 2491 1839 2536 Paris.

166 2547 356 2604 negotio
382 2548 491 2606 Rey.
584 2550 655 2592 est
676 2548 831 2605 inquit
852 2559 904 2605 ψ,
935 2554 1048 2593 recte
1072 2550 1271 2603 defendit
1293 2550 1517 2607 Berykius
1540 2564 1687 2606 opusc.
1708 2550 1730 2593 Ι
1753 2554 1839 2594 408

168 2609 256 2652 eet.
291 2605 412 2660 Quid
442 2608 592 2652 Paris.
625 2612 711 2652 e-en
741 2607 855 2663 quid
885 2608 1034 2665 Luyd.
1155 2606 1283 2651 cocio
1315 2610 1384 2664 (ut
1412 2609 1518 2652 CIL
1548 2609 1612 2652 IV
1639 2611 1772 2666 2416)
1805 2626 1840 2652 ω

169 2665 319 2710 coctio
347 2667 572 2722 praeemit
602 2667 744 2712 Pauli
775 2667 936 2711 Festus
960 2681 1007 2722 p.
1034 2670 1111 2722 51,
1150 2668 1218 2711 ita
1249 2667 1449 2712 Plautus
1478 2668 1610 2712 Asin.
1640 2672 1746 2711 203:
1782 2669 1839 2723 cf.

173 2725 222 2769 F
227 2725 491 2769 leckeiseuus
520 2739 631 2770 mus.
662 2727 805 2770 Rheu.
833 2730 873 2780 8,
902 2729 984 2768 231
1022 2725 1261 2770 Oorsseuus
1290 2728 1427 2784 symb.
1460 2727 1556 2771 crit.
1584 2731 1638 2770 16
1670 2727 1845 2771 Loewii

169 2785 332 2828 Prodr.
360 2788 444 2827 285
563 2789 588 2827 2
622 2784 711 2838 Qui
742 2799 821 2828 sex
844 2785 1088 2842 Berykius:
1118 2785 1289 2829 retinui
1316 2799 1557 2830 sermonem
1587 2787 1843 2842 proverbia-

169 2845 274 2898 lem,
315 2844 445 2887 euius
475 2845 675 2900 eaeempla
699 2849 882 2900 praeter
913 2844 1028 2888 alios
1059 2843 1297 2900 Hauptius
1327 2845 1422 2889 iud.
1456 2846 1660 2889 lectiouu.
1691 2846 1842 2889 Berol.

170 2901 330 2946 1868l9
368 2903 587 2958 quaedam
617 2904 875 2959 composuit.
