2060 3140
192 1195 248 1236 25

280 123 385 176 198
923 121 974 165 L.
1005 119 1308 165 AFRANIvs
2019 63 2049 204 J

1078 259 1155 306 III

1073 342 1208 394 alius
1248 336 1328 393 est
1364 338 1548 410 Amor,

278 418 434 472 Alius
476 417 693 487 Cupido,

398 517 583 563 Servius
614 518 730 561 Dan.
763 515 813 559 in
843 516 956 560 Aen.
989 516 1053 559 IV
1079 520 1164 559 194
1213 514 1614 573 ‘(cupidinem)
1659 518 1839 560 ueteres
1885 515 1957 559 in-

278 578 570 622 moderatum
601 588 806 619 amorem
837 575 1071 619 dicebant.
1105 573 1325 617 Afranius
1357 573 1607 619 neraria:
1641 574 1778 619 alius’
1799 589 1837 619 e.
1856 589 1899 630 q.
1919 589 1953 619 S.

281 636 447 695 [Omen
477 636 517 702 I]
580 634 875 679 Cinerario
907 634 1144 690 Ambros.,
1182 632 1402 690 probavit
1439 633 1743 678 Hermannus.
1798 633 1954 677 Minus

276 693 545 752 probabilia
584 693 783 737 coniecit
821 692 1105 737 Ritschelius
1146 706 1300 749 opusc.
1333 692 1377 735 H
1407 697 1506 736 328.
1570 691 1635 737 Cf.
1669 692 1858 737 Catonis
1891 707 1955 737 or.

277 769 324 812 p.
341 758 411 811 47,
431 758 486 797 14
502 753 541 798 J.
578 752 727 797 ‘aliud
758 755 842 810 est,
874 752 1104 810 Philippe,
1139 765 1281 808 amor,
1313 750 1452 808 longe
1485 750 1613 795 aliud
1645 754 1716 796 est
1747 751 1950 809 cupido.’

914 891 1323 940 GOMPITALIA

397 989 597 1047 Prologo
629 989 876 1046 desumpta
905 989 927 1032 Ι
956 989 999 1032 H
1028 989 1105 1046 HI,
1138 990 1192 1032 ut
1221 987 1318 1031 iam
1347 987 1659 1032 Neukirchius
1690 987 1886 1032 monuit.

1107 1098 1135 1145 I

281 1225 293 1234 .
333 1225 343 1234 .
384 1224 395 1234 .
433 1182 626 1253 fateor,
665 1182 868 1251 sumpsi
905 1200 1013 1235 non
1053 1182 1119 1234 ab
1159 1182 1253 1234 ill6
1293 1182 1476 1252 mod0‚

281 1269 385 1324 Sed
422 1274 483 1322 ut
522 1270 746 1339 quisque
784 1269 998 1338 habuit,
1037 1269 1348 1322 c6nueniret
1387 1270 1530 1338 quod
1566 1270 1723 1340 mihi,

281 1358 434 1421 Quod
472 1360 557 1411 me
594 1376 703 1411 non
740 1375 895 1427 posse
933 1357 1125 1409 melius
1162 1357 1336 1410 facere
1375 1358 1596 1429 credidi,

279 1446 462 1500 Etiam
499 1448 531 1499 a
568 1446 776 1499 LatinO.

397 1547 663 1592 Macrobius
696 1547 791 1592 Sat.
816 1547 881 1591 V1
905 1551 944 1604 1,
968 1551 997 1590 4
1032 1546 1270 1590 ‘Afranius
1303 1547 1427 1591 enim
1456 1549 1726 1606 togatarum
1765 1549 1964 1607 scriptor

279 1607 331 1651 in
355 1621 411 1651 ea
440 1609 620 1664 togata,
653 1620 773 1662 quae
797 1605 1079 1663 Compitalia
1110 1605 1394 1662 inscribitur,
1425 1621 1520 1651 non
1549 1607 1860 1654 inuerecunde
1891 1623 1962 1654 re-

281 1666 512 1723 spondens
546 1665 864 1723 arguentibus,
897 1665 1023 1721 quod
1053 1664 1190 1722 plura
1222 1665 1496 1723 sumpsisset
1527 1681 1556 1710 a
1585 1667 1857 1726 Menandro,
1888 1669 1960 1714 fa-

279 1727 402 1782 teor,
440 1725 616 1781 inquit,
666 1724 866 1782 sumpsi'
903 1738 941 1769 e.
974 1739 1017 1780 q.
1052 1739 1086 1768 s,
1150 1723 1451 1769 Cassiodorus
1492 1725 1550 1770 de
1590 1725 1800 1771 amicitia
1843 1728 1960 1785 prol.

283 1785 470 1829 ‘iterum
492 1784 542 1828 in
565 1783 686 1828 libro
712 1784 895 1828 Saturn.
921 1783 1157 1827 Affranius
1182 1785 1383 1841 togatar.
1411 1784 1609 1841 scriptor
1635 1785 1686 1829 in
1709 1799 1765 1830 ea
1795 1788 1962 1844 togata

281 1858 400 1899 quae
433 1843 714 1900 Compitalia
743 1842 1036 1899 inscribitur,
1070 1841 1165 1886 suis
1197 1843 1481 1900 respondens
1515 1844 1856 1890 detractoribus
1890 1846 1959 1890 di-

281 1903 492 1947 centibus
533 1916 638 1946 eum
677 1903 734 1946 de
772 1902 894 1946 libro
934 1901 1180 1946 Menandri
1217 1916 1312 1946 non
1355 1902 1506 1947 solum
1553 1903 1832 1961 sententias,
1881 1907 1964 1949 sed

280 1963 426 2006 uerba
456 1962 642 2019 integra
672 1960 1069 2018 transsumpsisse,
1102 1961 1425 2019 transsumpsi,
1456 1961 1624 2019 inquit,
1657 1963 1739 2007 sed
1762 1977 1819 2007 ea
1842 1979 1964 2020 quae

279 2021 446 2065 melius
477 2035 551 2065 me
582 2035 719 2078 posse
748 2020 960 2064 inuenire
991 2034 1086 2064 non
1117 2020 1327 2065 credidi.’
1390 2020 1624 2066 Indicavit
1653 2022 1777 2066 hunc
1807 2023 1965 2067 locum

280 2080 524 2125 Vsenerus.

400 2174 424 2213 1
456 2169 540 2213 illo
573 2168 674 2215 solx‘r
705 2169 844 2212 modo
869 2169 1035 2224 Paria,
1059 2183 1141 2213 ‘nec
1164 2169 1428 2225 displicebat
1452 2169 1733 2227 Hermanno,
1759 2173 1842 2228 qui·
1862 2171 1962 2216 solo

283 2229 468 2287 leyebat,
498 2230 605 2273 item
636 2228 852 2284 Kochius,
884 2228 965 2284 qui
994 2227 1179 2271 fatebor
1207 2229 1358 2283 forma
1387 2242 1563 2273 versum
1594 2231 1799 2286 eoeplebat

282 2294 308 2332 2
341 2287 550 2343 quisquis
582 2288 693 2332 Par.
785 2286 1056 2330 conueniret
1086 2286 1212 2342 quod
1242 2287 1439 2332 Bothius
1469 2287 1595 2343 quod
1627 2288 1897 2334 conueniret
1926 2308 1962 2334 ω

283 2347 408 2403 quod
439 2345 749 2390 conueniebat
780 2346 1078 2390 Hermannus
1197 2350 1223 2388 3
1256 2347 1338 2390 del.
1371 2347 1610 2391 Bentleius
1711 2348 1837 2403 quod
1867 2349 1963 2394 Bo-

282 2408 409 2509 {233³ss
427 2405 643 2461 quodque
668 2423 717 2462 ω,
748 2406 921 2450 servari
950 2405 1048 2450 vult
1077 2403 1344 2450 Skutschius
1375 2406 1402 2449 l.
1430 2407 1457 2450 l.
1487 2411 1585 2463 153,
1616 2407 1695 2451 sed
1724 2409 1780 2463 cf.
1807 2409 1960 2453 coroll.

1093 2529 1145 2576 H

286 2613 502 2666 Terenti
539 2631 738 2666 numne
777 2612 1008 2666 similem
1048 2612 1225 2665 dicent
1263 2614 1603 2682 quempiam?

404 2714 650 2759 Suetonius
681 2713 809 2758 vitae
841 2712 1030 2757 Terenti
1061 2728 1098 2758 c.
1131 2717 1158 2757 5
1187 2728 1232 2770 p.
1259 2718 1313 2757 33
1344 2712 1398 2758 R.
1436 2714 1577 2758 ‘hunc
1606 2715 1827 2760 Afranius
1860 2719 1965 2774 qui-

286 2772 644 2887 {lgsslii’offncilblsss
684 2772 872 2817 comicis
909 2772 1115 2830 praefert
1153 2772 1358 2816 scribens
1397 2772 1447 2815 in
1479 2773 1837 2831 Compitalibus:
1878 2778 1966 2822 Te-

406 2919 592 2963 Terenti
623 2920 896 2965 Ritschelius
925 2934 1075 2978 opusc.
1100 2920 1165 2964 IH
1197 2925 1282 2966 262
1313 2919 1503 2964 terentii
1527 2922 1678 2967 Paris.
1694 2922 1738 2967 A
1761 2924 1965 2969 terentio
