2060 3140
251 127 323 181 84
513 169 517 172 .
795 125 1103 171 CAECILIVS
1135 125 1385 171 STATIVS

370 259 547 304 Gellius
579 259 643 303 VI
675 259 792 317 (VII)
826 263 866 314 7,
899 264 924 302 9
961 259 1274 315 ‘adprobus
1313 260 1493 314 tamen,
1531 258 1658 314 quod
1683 257 1924 316 significat

248 318 390 362 ualde
420 319 608 375 probus,
638 331 733 362 non
763 317 939 361 infitias
972 331 1026 361 eo
1058 317 1173 373 quin
1202 317 1354 374 prima
1384 316 1569 374 syllaba
1599 316 1706 362 acui
1737 317 1921 362 debeat.

250 377 479 422 Caecilius
511 377 560 420 in
592 375 852 432 comoedia,
892 390 1014 432 quae
1051 375 1323 420 inscribitur
1353 375 1653 433 Triumphus,
1690 375 1924 421 uocabulo

248 436 341 481 isto
373 436 542 481 utitur:
574 435 828 479 Hierocles’
865 448 903 478 e.
938 450 980 490 q.
1015 449 1049 479 s.

247 629 405 683 Nunc
443 630 590 681 meae
628 628 885 697 malitiae,
922 626 1160 698 Astatia,
1207 646 1340 697 opus
1387 629 1468 681 est
1512 629 1927 683 subcenturiare.

364 729 529 773 Festus
574 745 618 786 p.
652 733 739 772 306·
777 728 839 772 Μ.
890 728 1353 773 ‘succenturiare
1399 731 1472 773 est
1518 729 1773 786 explendae
1821 743 1926 774 cen-

248 788 400 832 turiae
445 788 602 845 gratia
649 787 884 844 supplere,
933 787 1141 832 subicere
1187 815 1239 820 ——
1285 787 1513 832 Caecilius
1559 787 1610 832 in
1647 786 1924 845 Triumpho:

247 848 388 891 nunc’
423 861 461 891 e.
493 862 537 903 q.
571 862 605 891 s.
666 846 839 891 Paulus
872 852 957 891 307
989 847 1050 891 M.
1094 846 1554 891 ‘succenturiare
1597 874 1655 880 —
1697 847 1926 904 supplere.

250 906 504 952 Caecilius:
536 906 676 950 nunc’
711 919 750 950 e.
783 921 825 961 q.
862 921 896 950 s,

366 994 590 1039 Numeros
612 995 839 1052 Berykius
861 995 1093 1052 perspeoeit
1180 993 1380 1038 militiae
1406 993 1534 1039 Festi
1557 995 1650 1040 cod.
1727 994 1929 1040 Hiatum

249 1054 302 1096 in
331 1054 523 1098 diaeo-esi
552 1055 659 1098 olim
689 1055 736 1097 te
767 1055 1003 1099 inserendo
1033 1055 1208 1110 explevi
1314 1053 1662 1098 subcenturiare
1698 1054 1746 1099 Ο.
1773 1055 1928 1100 Muel-

251 1113 370 1157 lerus
407 1111 706 1156 subcenturia
738 1113 864 1157 Festi
893 1115 987 1158 eod.
1033 1111 1326 1156 succenturia
1357 1113 1535 1157 Paulus
1574 1112 1926 1158 subcenturiata

250 1171 353 1216 Bae
385 1170 725 1215 subcenturiari
756 1172 982 1230 Berykius
1102 1173 1174 1216 est
1206 1171 1551 1215 succenturiata
1582 1186 1697 1228 opus
1730 1173 1927 1218 Bothius

607 1336 613 1339 ·
707 1312 797 1359 EX
835 1309 1143 1360 INOERTIS
1182 1310 1467 1359 FABVLIS

1075 1400 1101 1446 Ι

162 1497 249 1536 230
264 1482 422 1536 Nunc
461 1483 603 1535 enim
643 1483 854 1536 demum
892 1483 967 1536 mi
1006 1483 1215 1536 animus
1253 1483 1417 1553 ardet,
1454 1486 1598 1536 nunc
1620 1502 1806 1536 vmeum
1829 1502 1930 1537 ²cor

1224 1572 1527 1625 cumulatur
1565 1572 1659 1626 ira.

371 1670 528 1716 Cicero
574 1686 658 1728 pro
690 1671 847 1716 Caelio
880 1677 958 1727 116,
982 1677 1046 1716 37
1082 1672 1245 1717 ‘redeo
1283 1687 1407 1717 nunc
1446 1673 1508 1717 ad
1546 1675 1616 1729 te,
1651 1673 1815 1730 Caeli,
1860 1673 1930 1717 ui-

252 1729 421 1787 cissim,
455 1745 509 1774 ac
540 1730 656 1774 mihi
688 1730 1018 1775 auctoritatem
1038 1731 1250 1788 ,patriam
1282 1731 1678 1789 seueritatemque
1711 1732 1928 1790 suscipio.

252 1789 334 1833 sed
373 1789 537 1834 dubito
576 1803 715 1845 quem
750 1792 933 1847 patrem
968 1790 1265 1847 potissimum
1304 1806 1504 1838 sumam:
1553 1791 1929 1836 Caecilianumne

252 1848 477 1905 aliquem,
525 1849 848 1893 uehementem
887 1851 1028 1905 atque
1068 1849 1263 1895 durum?
1323 1850 1480 1894 Nunc
1527 1850 1696 1894 enim’
1743 1865 1781 1895 e.
1815 1866 1858 1907 q.
1893 1866 1927 1895 s.

251 1907 379 1951 Idem
417 1908 476 1951 de
514 1907 589 1951 fin.
622 1908 665 1952 H
696 1913 737 1964 4,
773 1913 828 1952 14
862 1908 1135 1966 ‘intellegas
1166 1908 1289 1953 inter
1318 1909 1453 1953 illum
1484 1909 1565 1965 qui
1597 1908 1744 1954 dicat:
1792 1912 1928 1954 tanta

251 1965 438 2010 laetitia
461 1969 626 2010 auctus
658 1980 760 2011 sum
790 1969 844 2011 ut
873 1966 942 2010 nil
973 1969 1168 2024 constet,
1202 1969 1251 2012 et
1274 1981 1379 2011 eum
1403 1967 1504 2024 qui:
1535 1983 1680 2012 nunc
1713 1969 1930 2013 demum

252 2025 389 2068 mih-i
422 2025 640 2070 animus
674 2026 857 2083 ardet,
889 2040 1086 2082 quorum
1115 2026 1237 2071 alter
1266 2026 1452 2071 laetitia
1475 2026 1662 2084 gestiat,
1694 2027 1816 2072 alter
1848 2029 1928 2072 do-

250 2083 349 2128 lore
391 2084 640 2142 crucietur,
684 2099 784 2130 esse
825 2085 962 2129 illum
1000 2085 1207 2130 medium
1240 2122 1248 2130 .
1276 2122 1285 2130 .
1313 2086 1435 2142 squi
1470 2099 1558 2130 nec
1599 2086 1801 2131 laetetur
1842 2101 1928 2131 nec

253 2145 485 2200 angatur?
550 2143 865 2189 Caecilianum
908 2147 1093 2201 patrem
1140 2144 1455 2198 Quintilianus
1488 2145 1559 2188 XI
1586 2151 1613 2188 21
1627 2181 1638 2201 ,
1671 2150 1727 2190 39
1760 2146 1929 2190 'Peren-

252 2201 383 2246 tiano
416 2217 475 2260 op
510 2203 622 2249 onit.
683 2203 741 2246 Ei
781 2206 939 2248 autem
969 2204 1045 2248 vel
1083 2203 1134 2247 in
1163 2204 1308 2248 Asoto
1340 2204 1416 2262 (H)
1446 2204 1522 2248 vel
1551 2203 1602 2247 in
1631 2204 1843 2250 Fallacia
1873 2206 1927 2262 (I)

252 2261 329 2361 {e}
367 2261 417 2305 in
500 2261 688 2318 ymnide
720 2262 860 2321 (vm)
899 2262 975 2307 vel
1008 2262 1063 2307 -in
1100 2262 1408 2307 Pausimacho
1449 2262 1544 2322 (IV)
1584 2264 1732 2321 fingas
1770 2266 1928 2322 partes

273 2334 410 2365 uisse.

254 2467 299 2520 O
339 2470 546 2540 infelix,
587 2490 616 2524 o
657 2471 895 2524 sceleste!

930 2559 961 2592 θὶς
1216 2559 1247 2593 ³10

1073 2596 1104 2629 ³50

255 2644 442 2714 Egone
482 2647 609 2715 quid
649 2648 857 2701 dicam?
896 2666 1034 2719 egon
1073 2646 1204 2717 quid
1239 2648 1441 2701 uelim-⁶?
1480 2667 1614 2718 quae
1644 2652 1712 2702 'tu
1752 2650 1930 2702 omnia

254 2732 384 2785 Tuis
422 2734 590 2787 foedis
628 2736 783 2788 factis
821 2736 952 2788 facis
983 2739 1045 2788 ut
1082 2736 1407 2805 nequiquam
1444 2737 1622 2790 uelim.

930 2824 962 2857 δῖε
1215 2823 1246 2856 ²1⁵

1071 2861 1103 2894 &Ie

255 2907 420 2961 Istam
458 2909 515 2961 1'n
553 2911 884 2965 uicinitatem
923 2916 976 2965 te
1014 2911 1371 2965 meretriciam
