2060 3140
787 123 877 170 GN.
910 124 1175 169 NAEVIVS
1746 125 1816 177 27

771 293 1187 342 TRIPHALLVS

258 391 323 436 Cf.
356 389 578 435 Varronis
612 391 772 434 satura
808 387 1067 446 Τρίφαλλος
1096 391 1204 446 περὶ
1234 388 1551 448 ἀρρενότητος.

137 482 196 535 Si
237 484 519 550 cumquam
560 480 845 550 quicquam
882 480 1062 533 fssium
1100 479 1363 534 resciuero

135 570 438 642 Argentum
477 570 674 623 amoris
712 573 868 622 causa
907 588 1119 639 sumpse
1157 573 1425 623 mutuum:

137 658 425 728 Extemplo
464 657 558 710 illo
598 661 651 710 te
691 658 900 727 ducam,
938 658 1032 710 ubi
1070 676 1178 710 non
1218 658 1454 727 despuas.

257 758 435 803 Gellius
459 759 501 802 H
528 763 603 815 19,
629 763 655 802 6
691 758 847 802 ‘aliter
885 758 1010 802 enim
1048 758 1226 802 dictum
1258 772 1358 803 esse
1389 758 1602 803 resciui
1633 761 1716 803 aut
1746 772 1817 804 re-

137 819 255 863 scire
287 818 413 875 apud
444 831 544 873 eos,
577 817 658 873 qui
689 817 941 875 diligenter
970 816 1116 861 locuti
1149 819 1270 872 sunt,
1301 818 1509 862 nondum
1538 817 1815 874 inuenimus,

138 893 280 934 quam
312 890 448 934 super
478 875 518 920 is
549 876 707 932 rebus,
741 889 861 931 quae
892 877 976 920 aut
1007 876 1218 920 consulto
1251 875 1445 921 consilio
1478 876 1704 921 latuerint
1734 879 1818 921 aut

133 939 300 981 contra
325 950 454 993 spem
478 934 803 991 opinionemue
827 949 914 979 usu
938 934 1164 980 uenerint.
1211 935 1503 991 Quamquam
1526 935 1679 992 ipsum
1700 935 1816 979 scire

136 996 194 1040 de
235 995 448 1040 omnibus
490 994 796 1038 communiter
833 994 971 1038 rebus
1013 993 1196 1038 dicatur
1233 994 1310 1038 uel
1349 994 1557 1038 aduersis
1596 994 1674 1038 uel
1712 1009 1817 1051 pro-

136 1054 281 1111 speris
321 1054 398 1098 uel
429 1052 679 1110 insperatis
710 1053 786 1097 uel
820 1053 1090 1111 expectatis.
1154 1053 1360 1097 Naeuius
1392 1053 1442 1097 in
1473 1053 1714 1111 Triphallo
1746 1053 1815 1098 ita

133 1113 340 1170 scripsit:
373 1112 429 1156 si’
465 1126 502 1157 e.
529 1127 570 1168 q.
598 1127 632 1157 s.

255 1221 277 1260 1
313 1215 353 1259 si
392 1229 640 1271 cumquam
677 1217 847 1260 conieci
884 1221 1126 1273 antequam
1150 1217 1393 1272 proposuit
1423 1216 1668 1274 Berykius:
1707 1216 1816 1260 olim

132 1277 270 1329 initio
300 1289 452 1320 versus
482 1276 627 1319 thesin
657 1277 708 1330 (e.
733 1290 768 1320 c.
801 1276 867 1331 at)
899 1276 1114 1320 excidisse
1143 1281 1405 1320 statueram.
1454 1274 1494 1318 si
1525 1288 1748 1330 umquam
1779 1292 1814 1318 ω

134 1334 207 1378 6111
238 1349 282 1379 11.
313 1349 363 1389 ω
391 1348 613 1390 umquam
645 1333 685 1377 si
719 1333 878 1379 Carrio
1011 1339 1036 1378 2
1070 1333 1215 1378 amori
1247 1334 1370 1379 Rott.
1474 1347 1658 1390 sumpse
1691 1333 1814 1379 Fru-

132 1439 287 1494 terius‚
322 1437 482 1482 Carrio
529 1437 780 1494 sumpsisse
812 1437 923 1495 Req.
957 1437 1057 1482 Vat.
1106 1403 1303 1493 sfipsil'se
1342 1440 1441 1494 (use
1477 1450 1590 1482 corr.
1623 1438 1675 1484 iu
1704 1436 1813 1486 isse)

134 1498 257 1542 Rott.
373 1502 399 1539 3
431 1497 484 1541 de
509 1498 709 1553 pistrino
739 1502 781 1540 et
811 1498 864 1540 de
894 1497 1092 1552 capistro
1121 1497 1382 1541 molentium
1405 1498 1477 1541 ori
1498 1497 1653 1551 adfioeo
1676 1497 1812 1541 iuter-

126 1561 339 1613 pretatwr
358 1555 614 1601 Gronovius
663 1558 711 1599 te
727 1554 810 1599 illo
827 1556 1044 1600 Bothius:
1064 1556 1120 1610 cf.
1139 1555 1330 1600 Skutsch
1347 1556 1501 1600 Plaut.
1519 1561 1560 1600 et
1576 1555 1708 1600 Rom.
1730 1560 1813 1599 138

744 1693 1202 1743 TVNIOVLARIA

962 1798 988 1846 I
1192 1867 1529 1920 Theodotum

135 1955 434 2025 Gompesses
474 1998 484 2008 .
519 1998 529 2009 .
571 1956 663 2024 qui
702 1956 819 2008 aras
860 1954 1249 2024 Compitalibus
1817 1974 1902 2013 100

132 2043 334 2098 Sedens
372 2045 429 2096 in
467 2044 599 2097 cella
638 2043 1012 2097 circumtectus
1050 2043 1318 2115 tegetibus

131 2133 294 2186 Lares
330 2133 564 2186 ludentis
603 2133 727 2202 peni
765 2133 943 2202 pinxit
980 2132 1198 2185 bubulo.

251 2248 415 2292 Festus
446 2263 491 2304 p.
518 2252 603 2291 230
627 2248 688 2292 M.
725 2248 945 2304 ‘penem
984 2247 1167 2303 antiqui
1202 2247 1368 2291 codam
1398 2247 1635 2292 uocabant
1667 2274 1722 2281 -
1753 2275 1814 2281 ——

133 2307 311 2351 dictum
334 2309 421 2387 est
457 2306 658 2351 forsitan
696 2320 724 2350 a
761 2306 1021 2363 pendendo.
1083 2306 1309 2350 Naeuius’
1351 2306 1523 2364 (neut'
1557 2307 1657 2352 cod.
1690 2309 1811 2352 teste

131 2367 186 2410 H.
220 2367 293 2423 K.)
334 2365 402 2409 ‘in
439 2365 761 2411 Tunicularia:
802 2366 1111 2410 Theodotum’
1147 2379 1184 2410 e.
1219 2380 1261 2421 q.
1293 2380 1326 2410 S.
1392 2365 1645 2422 ‘significat
1680 2366 1812 2433 peni-

132 2425 237 2469 culo
269 2424 451 2482 grandi,
482 2425 533 2468 id
564 2427 636 2469 est
667 2425 798 2469 coda.
804 2425 817 2445 ’
866 2425 1074 2469 Acumen
1103 2425 1270 2468 horum
1296 2438 1513 2468 versuum
1535 2423 1586 2468 in
1609 2438 1664 2470 60
1687 2426 1810 2483 posi-

131 2487 233 2528 tum
263 2483 461 2540 videtur,
494 2484 620 2540 quod
648 2483 884 2528 trivialem
913 2483 1180 2539 nulliusque
1212 2483 1326 2527 artis
1357 2483 1571 2528 tabulam
1599 2483 1809 2541 picturus

130 2545 293 2587 tamen
324 2542 459 2599 quasi
491 2542 701 2587 divinum
732 2557 847 2600 opus
881 2545 1004 2586 esset
1034 2556 1282 2600 aggressus
1313 2541 1519 2598 undique
1543 2556 1592 2587 se
1616 2542 1811 2588 circum-

132 2601 309 2659 saepsit
332 2602 611 2669 Theodotus.
666 2602 801 2646 Hunc
833 2604 991 2646 autem
1023 2601 1345 2646 cautissimum
1375 2603 1423 2645 et
1454 2601 1628 2659 optime
1658 2603 1810 2647 muni·

130 2663 232 2705 tum
277 2660 429 2705 virum
474 2674 530 2704 ex
574 2660 678 2718 ipsa
725 2661 841 2706 aede
887 2660 1032 2705 furari
1076 2674 1212 2717 posse
1259 2660 1457 2704 callidus
1503 2660 1579 2704 fur
1624 2661 1807 2707 dicitur.

135 2719 403 2764 ‘’Ludentes
445 2719 565 2764 lares
613 2720 839 2764 saltantes
885 2719 1120 2764 intellexit
1156 2719 1212 2765 H.
1249 2719 1479 2764 Jordanus
1526 2720 1698 2766 annall.
1738 2721 1810 2765 in-

131 2778 289 2823 stituti
320 2778 549 2824 archaeol.
577 2784 689 2824 1862
720 2794 765 2836 p.
792 2783 877 2824 338
909 2778 983 2835 (cf.
1016 2778 1209 2835 mythol.
1243 2778 1373 2823 Rom.
1398 2779 1441 2823 II
1466 2781 1582 2836 112).

250 2872 276 2911 2
309 2867 557 2924 compeiles
580 2869 744 2924 scripsi
774 2867 1025 2924 compellas
1042 2869 1135 2912 eod.
1162 2867 1390 2924 compella
1408 2867 1609 2926 Scaliqer
1685 2870 1808 2914 laeu-

59 2975 64 2978 .
130 2940 239 2970 uam
284 2928 466 2983 expleas
509 2928 578 2971 vel
623 2928 809 2970 sanctas
848 2929 916 2972 vel
953 2939 1100 2982 nuper
1137 2927 1372 2972 inserendo
1471 2927 1562 2970 aris
1603 2928 1806 2988 Maehly,
