2060 3140
756 127 805 172 L.
835 127 1139 174 AFRANIvs
1677 125 1784 186 253

900 289 996 337 XII

254 426 257 427 ⁷
1021 367 1134 419 eius
1172 370 1225 420 te
1263 368 1484 422 suscitat

107 452 317 523 Imago,
356 450 507 503 euius
547 451 749 522 effigia,
790 470 894 521 quo
934 452 1143 524 gnatu⁷s
1180 458 1345 524 patre.

226 559 405 604 Nonius
436 564 538 616 493,
566 563 588 602 1
626 559 852 617 ‘effigia
882 575 964 618 pro
998 562 1210 620 effigies?

227 661 251 700 1
285 656 385 700 eius
416 656 614 700 Bothius
645 655 775 699 ouius
807 674 864 713 ω,
903 658 991 712 def.
1024 659 1127 703 Bue
1262 665 1287 703 2
1319 674 1410 717 quo
1441 662 1611 718 gnatus
1643 661 1791 707 Ba²0

108 717 241 761 Leid
268 720 353 760 116
397 714 666 771 quodnatus
697 715 797 760 Ba1
839 719 1034 761 conatus
1066 718 1138 762 Ρ1
1178 721 1404 775 cognatus
1443 737 1478 776 φ
1605 720 1703 764 eius
1742 723 1788 765 te

109 775 307 820 suscitet
335 775 511 843 Imago,
544 773 675 817 cuius
707 774 865 831 effigia
896 788 959 831 οε,
992 790 1083 831 quo
1114 779 1269 833 natus,
1304 778 1473 834 patris!
1505 780 1702 825 Bothius

111 835 325 902 Fortasse
346 835 413 879 sic
432 833 739 878 scribendum:
771 847 867 877 non
894 836 963 879 vel
991 849 1145 879 nonne
1177 835 1276 880 eius
1307 839 1355 881 te
1387 836 1583 882 suscitat
1613 838 1786 897 Imago,

109 893 242 938 ouius
274 892 433 950 effigia
464 905 527 949 es,
560 906 652 948 quo
683 893 843 949 gnatu'
849 908 869 936 s
899 895 1064 950 patre?

890 1047 1014 1095 XIII

1082 1117 1302 1170 memini
1340 1119 1662 1172 memoriter.
1794 1135 1878 1176 365

233 1217 469 1263 Charisius
499 1233 545 1275 p.
571 1221 626 1262 89
658 1217 720 1262 P.-
744 1216 1094 1262 ‘memoriter
1132 1231 1189 1261 ex
1227 1232 1281 1263 eo
1321 1219 1393 1275 fit,
1434 1219 1559 1275 quod
1590 1220 1662 1263 est
1698 1232 1793 1262 me-

114 1292 237 1335 mor,
278 1277 572 1321 memoriose’
607 1276 766 1334 (immo
801 1277 1150 1334 ‘memorior’)
1154 1291 1248 1322 non
1279 1277 1474 1321 dicimus
1508 1291 1594 1322 neo
1622 1290 1793 1321 memo-

114 1336 307 1382 riosius:
331 1351 428 1381 non
450 1336 597 1380 habet
624 1335 749 1380 enim
772 1336 1179 1402 comparationem.
1227 1336 1419 1381 Cicero.
1471 1339 1553 1381 ,et
1575 1334 1794 1380 Afranius

115 1395 167 1440 in
189 1396 294 1453 Vop
296 1395 415 1441 iseo·
451 1394 644 1440 memini
674 1394 952 1451 memoriter,
984 1397 1037 1439 ut
1066 1396 1303 1440 Romanus
1333 1372 1480 1441 refert
1504 1395 1554 1439 in
1584 1395 1704 1439 libro
1737 1396 1793 1440 de

116 1454 354 1500 aduerbiis
387 1455 473 1499 sub
505 1455 669 1499 eodem
699 1453 875 1499 titulo?
927 1432 1057 1499 Idem
1086 1470 1130 1512 p
1151 1460 1236 1499 184
1267 1456 1316 1500 P
1353 1454 1732 1499 ‘memoriten’

901 1625 1019 1672 XIV

959 1708 1204 1778 equidem
1242 1711 1295 1761 te
1332 1708 1625 1777 numquam
1661 1707 1796 1760 mihi

116 1798 441 1867 Parasitum,
479 1816 668 1863 uerum
706 1796 937 1850 amioum
977 1797 1250 1866 aequalem
1289 1799 1447 1865 atque
1485 1796 1752 1865 hospitem

121 1885 463 1940 Cotidianum
502 1889 555 1939 et
592 1887 799 1939 lautum
838 1886 1121 1939 conuiuam
1160 1885 1304 1938 domi

236 1994 418 2039 Nonius
458 2000 568 2051 235,
601 2001 657 2039 22
698 1994 995 2051 ‘aequales
1043 1996 1151 2037 sunt
1197 1993 1371 2037 similes
1418 1994 1465 2036 et
1512 2006 1567 2036 ex
1611 1993 1795 2048 aequo?

119 2055 249 2099 Idem
280 2059 381 2112 337,
414 2060 470 2099 20
505 2055 771 2110 ‘lautum‚
809 2054 998 2111 elegans
1030 2066 1173 2097 suaue
1207 2090 1215 2097 .
1243 2050 1540 2097 ..Afranius
1572 2051 1797 2109 Vopisoo:

36 2145 43 2150 -
120 2113 356 2170 equidem'
383 2128 422 2159 e.
448 2129 491 2170 q.
518 2129 552 2158 s.

244 2215 267 2254 1
303 2212 351 2254 et
389 2209 579 2266 quidem
610 2229 644 2255 ω
670 2227 719 2268 Ρ.
743 2214 830 2255 235
870 2224 926 2254 ea
964 2208 1153 2265 quidem
1183 2207 1248 2251 12²
1273 2221 1321 2263 Ρ.
1348 2211 1432 2250 337
1561 2220 1801 2261 nunquam

123 2268 276 2313 aooiui
305 2268 423 2313 mihi
452 2270 672 2316 Bothius:
702 2271 1005 2335 supplendum
1033 2282 1143 2312 sane
1173 2265 1319 2310 habui
1348 2266 1416 2311 vel
1443 2266 1589 2309 simile
1620 2266 1731 2322 quid
1782 2289 1785 2292 ·

124 2334 150 2372 2
191 2343 346 2372 rerum
383 2328 458 2374 H²
470 2329 535 2372 Ρ3
554 2330 620 2374 W
760 2335 787 2373 3
827 2327 1075 2372 conuiuam
1111 2328 1177 2371 ed.
1213 2330 1325 2369 1476
1370 2323 1638 2368 conuiuium
1676 2326 1800 2380 (oon-

122 2401 254 2491 utum
281 2388 636 2505 G1¹3)Gc)npp.235
678 2390 726 2433 et
762 2386 1031 2433 conuiuium
1070 2403 1104 2429 ω
1130 2400 1178 2443 Ρ.
1205 2389 1289 2428 337
1332 2385 1444 2441 (nisi
1473 2383 1592 2440 quod
1621 2381 1803 2427 lautum

123 2460 149 2491 e
201 2462 285 2493 om.

235 2699 244 2707 .
284 2699 294 2708 .
335 2655 532 2709 etem‘m
573 2657 864 2710 cottidiano
904 2655 962 2707 in
999 2653 1157 2706 rebus
1195 2651 1442 2703 maximis

35 2743 39 2753 ⁴
127 2742 426 2817 Propositis
479 2744 572 2814 qui
624 2749 856 2799 noenum
908 2739 1085 2813 potest
1139 2741 1268 2810 quin
1321 2740 1439 2792 meo
1495 2739 1566 2793 sit
1617 2740 1775 2794 nixus
1806 2754 1892 2793 370

1096 2829 1328 2882 nomine.

247 2933 483 2978 Charisius
522 2951 566 2993 p.
595 2940 679 2980 177
718 2936 766 2979 P.
812 2929 1166 2980 ‘cotidiana'
1300 2908 1306 2914 ι
