2060 3140
655 119 964 165 CAECILIVS
995 119 1244 165 STATIVS
1720 121 1786 173 77

861 259 1032 307 XVIII

109 344 479 414 Opulentitate
513 344 696 396 nostra
734 343 839 396 sibi
878 343 1060 413 (esse)
1099 343 1350 396 iniuriam

108 430 328 486 Factam

227 532 408 577 Nonius
443 537 541 589 146,
575 537 631 576 14
666 532 1051 590 ‘opulentitas
1089 547 1173 590 pro
1214 531 1456 589 opulentia
1489 568 1645 577 .....
1678 531 1790 576 Cae-

111 591 248 636 cilius
279 591 466 637 Potio:
497 591 828 649 'opulentitate’
863 605 901 636 e.
935 606 978 648 q.
1012 605 1058 637 s.·
1109 591 1331 649 (Plocio
1363 592 1434 637 ed.
1470 594 1601 649 1526)

230 685 253 724 1
287 694 387 724 esse
418 681 583 725 addidi
613 693 717 724 eam
745 694 779 724 ω
888 685 914 724 2
945 679 1121 724 factam
1152 681 1388 725 Meroerus
1417 679 1591 724 faciam
1619 697 1670 737 ω,
1702 693 1788 737 quo

108 746 284 785 servato
315 741 422 784 olim
452 752 511 783 ne
536 745 640 796 post
670 737 762 782 sibi
791 740 1092 795 inserueram,
1126 738 1165 782 si
1196 739 1299 784 Bue
1323 741 1566 796 proposuit
1677 753 1790 796 opu-

116 797 335 843 lentitate
366 797 586 842 iniuriam
614 797 791 841 factam
821 796 912 841 sibi
941 797 1116 842 Nostra
1146 799 1342 843 Bothius

890 922 1008 970 XIX

110 1006 341 1060 Liberne
379 997 472 1059 es?
511 1037 581 1044 -—-
619 1004 745 1059 Non
784 1009 924 1075 slim,
962 1024 1151 1059 uerum
1188 1005 1325 1058 inibi
1365 1010 1444 1059 est
1483 1048 1494 1059 .
1536 1048 1546 1059 .
1587 1049 1597 1060 .
1639 1049 1650 1059 .
1691 1050 1700 1059 .
1780 1049 1790 1059 .

227 1106 408 1151 Nonius
442 1112 541 1164 124,
574 1111 630 1152 25
665 1105 839 1151 ‘inibi
868 1121 952 1164 pro
985 1106 1051 1151 sic
1084 1108 1132 1151 et
1161 1120 1269 1151 mox
1302 1143 1312 1153 .
1340 1144 1348 1153 .
1376 1108 1405 1151 .’

228 1210 323 1240 non
354 1210 456 1240 sum
485 1195 619 1254 liber,
649 1209 810 1240 verum
840 1195 1006 1240 inibist
1036 1195 1173 1252 quasi
1203 1211 1237 1241 x

906 1321 997 1368 XX

110 1377 331 1429 catellae

227 1461 407 1506 Nonius
442 1466 540 1519 199,
574 1467 628 1506 10
663 1462 879 1506 ‘catellae
925 1461 1258 1506 diminuffiuum
1304 1464 1376 1506 est
1423 1464 1698 1507 catenarum
1744 1465 1792 1507 et

111 1521 332 1565 dicuntur
361 1534 528 1586 genere
559 1520 816 1566 feminino.'

777 1646 1124 1695 POLVMENI

230 1743 531 1800 Πωλούμενοι
561 1742 840 1788 Menandri?
900 1743 970 1787 Ex
999 1742 1089 1788 ine.
1122 1743 1271 1788 XXIV
1301 1743 1501 1788 fortasse
1533 1743 1793 1800 comparari

111 1802 262 1859 possib
293 1816 398 1846 cum
428 1801 673 1846 Menandri
702 1803 725 1846 Ι
753 1801 849 1847 his:
895 1801 1059 1858 τάλας,
1105 1801 1298 1860 ἕστηκας
1331 1802 1397 1846 ἔτι
1426 1802 1544 1859 πρὸς
1573 1810 1675 1855 ταῖς
1704 1802 1793 1847 θύ-

112 1878 216 1916 ραις
249 1861 314 1905 Τὸ
346 1863 541 1918 φορτίον
579 1860 706 1916 θείςς
754 1859 1023 1918 σιτόκουρον
1076 1861 1269 1919 ἄθλιον,
1306 1859 1552 1920 ’Ἁχρηστον
1597 1862 1664 1913 εἰς
1707 1861 1793 1918 τὴν

110 1921 269 1965 οἰκίαν
300 1920 567 1978 εἰλήφαμεν.

116 2025 192 2079 At
243 2027 336 2096 p61
390 2045 489 2098 ego
541 2045 713 2096 neque
766 2027 952 2080 florem
1006 2044 1178 2095 neque
1229 2027 1419 2079 flocces
1471 2026 1596 2079 uolo
1645 2025 1794 2096 mihi,

1083 2115 1270 2167 uinum
1309 2115 1450 2168 uolo,
1794 2130 1878 2168 190

234 2202 414 2246 Nonius
457 2207 562 2258 114,
597 2206 650 2245 17
694 2200 921 2257 ‘floces,
966 2201 1073 2244 faex
1110 2200 1223 2245 uini.
1287 2199 1539 2246 Caecilius:
1588 2201 1648 2244 ad
1685 2201 1790 2258 pol’

121 2275 159 2307 e.
193 2276 235 2317 q.
270 2276 305 2306 s,
367 2260 545 2306 Gellius
575 2261 639 2304 XI
672 2266 711 2317 7,
744 2265 770 2304 6
819 2260 951 2304 ‘item
996 2260 1209 2304 flocces
1254 2259 1468 2304 audierat
1496 2259 1650 2316 prisca
1679 2274 1794 2304 uoce

118 2319 382 2377 significare
427 2319 528 2364 uini
572 2319 751 2364 faecem
793 2333 819 2363 e
859 2318 1069 2363 uinaceis
1116 2332 1400 2375 expressam,
1455 2318 1594 2363 sicuti
1645 2319 1794 2364 fraces

120 2379 257 2424 oleis:
289 2379 430 2435 idque
462 2381 578 2436 aput
608 2378 862 2424 Caecilium
892 2378 942 2422 111
971 2377 1237 2422 Polumenis
1268 2378 1479 2435 legerat?

237 2468 304 2524 Cf.
338 2482 425 2513 cor.
457 2467 606 2511 XXIX
717 2470 769 2512 af,
800 2468 1046 2513 Fruterius
1077 2467 1137 2510 ad
1167 2483 1203 2511 ω
1322 2466 1461 2511 floees
1493 2467 1641 2513 Nonii
1669 2484 1704 2512 ω

115 2540 266 2582 neque
297 2526 436 2571 floces
466 2540 618 2583 neque
647 2526 808 2571 florem
838 2528 994 2572 Vrbin.
1022 2530 1107 2570 307
1418 2527 1423 2532 “

784 2620 1118 2671 PORTITOR

233 2718 299 2763 Cf.
332 2718 615 2763 Ritschelius
646 2720 832 2777 Parerg.
865 2719 886 2761 I
918 2722 1016 2762 158.

116 2865 489 2877 ........
527 2842 622 2877 cur
661 2823 1048 2894 depopulator?
1085 2824 1291 2894 gerrae!

228 2923 423 2996 Nonius.
454 2929 560 2982 118,
597 2930 655 2969 33
704 2926 949 2982 ‘gei-rae,
991 2937 1166 2982 nugae,
1210 2922 1418 2981 ineptiae
1458 2959 1468 2968 .
1503 2961 1512 2968 .
1546 2960 1551 2967 .
1597 2923 1791 2968 Plautus
