2060 3140
225 106 301 160 92
773 104 1082 151 CAECILIVS
1113 104 1329 150 sum
1331 105 1364 150 S

1005 244 1142 292 XXX

137 343 225 384 280
377 328 455 382 Di
489 329 619 382 boni
632 330 653 383 Υ
684 328 814 398 quid
850 327 994 381 hoc?

354 429 550 476 Rufinus
595 429 653 473 de
694 428 857 495 metris
899 442 1016 472 com.
1049 427 1166 473 CGL
1193 428 1261 472 VI
1289 433 1374 472 558
1404 428 1460 473 K
1524 429 1688 474 Varro
1729 428 1781 474 in
1810 429 1917 475 VII:

237 488 531 533 clausulas
563 501 747 544 quoque
777 487 980 544 primum
1003 485 1265 544 appellatas
1289 486 1464 543 dicunt,
1496 488 1623 544 quod
1646 488 1920 532 clauderent

239 546 535 603 sententiam,
566 549 622 591 ut
645 547 771 604 apud
793 546 1011 592 Accium·
1041 560 1102 591 an
1123 546 1240 590 haec
1263 545 1360 590 iam
1383 502 1527 590 obliti
1547 549 1657 591 sunt
1677 547 1918 614 Phryges?

236 607 359 651 Non
387 620 675 672 nunquam
707 605 773 650 ab
805 604 894 649 his
925 604 1160 649 initium
1190 604 1284 660 fit,
1315 607 1370 649 ut
1400 605 1526 662 apud
1552 563 1826 652 Caecilium:
1859 605 1917 649 di

237 664 373 710 boni
405 663 541 720 quid
571 665 709 710 hoc?
738 665 869 722 apud
895 664 1192 710 Terentium.
1221 663 1476 709 discrucior
1506 663 1682 709 animi?

358 754 631 811 Tripodiam
666 754 804 798 tmch.
838 755 973 799 catal.
998 759 1194 810 possunt
1229 755 1284 798 in
1318 754 1501 798 cantico
1525 754 1596 798 vel
1622 753 1822 799 tmohaei
1851 754 1921 798 vel

235 814 380 858 iambi
407 814 483 859 vel:
505 813 661 858 cratini
689 813 766 857 vals
788 813 972 858 bacchi
995 814 1137 858 sectato?
1156 813 1321 869 fmsse:
1349 813 1508 857 ‘mimw
1525 813 1794 869 pmbabilia·
1809 826 1920 869 pm·

230 871 684 978 xxm&
698 873 818 917 olm.
846 877 936 917 1281
955 874 1058 930 epit.
1085 876 1155 916 70.
1220 872 1289 927 Cf.
1314 878 1553 929 praeterea
1581 871 1922 917 Studomwndus

975 996 1173 1044 m*

235 1121 458 1134 .....
497 1081 530 1134 ό
569 1080 750 1134 tristes
788 1081 1040 1150 ineptias!

356 1182 533 1226 Seneca
571 1181 706 1239 epist.
743 1186 842 1238 113,
875 1187 931 1227 26
966 1182 1108 1226 ‘haec
1154 1181 1445 1239 disputamus
1492 1180 1718 1226 adtractis
1761 1194 1922 1237 super-

240 1240 383 1298 011118,
421 1241 575 1286 fronte
612 1254 797 1298 rugosa.
828 1255 925 1285 non
962 1255 1154 1298 possum
1189 1241 1278 1286 hoc
1316 1241 1419 1285 loco
1459 1240 1612 1285 dicere
1650 1239 1770 1283 illud
1808 1239 1922 1284 Cae-

235 1299 480 1346 cilianum.
529 1315 556 1344 o
595 1299 799 1344 tristes
838 1299 1112 1358 ineptias!
1159 1300 1386 1345 ridiculae
1433 1300 1574 1345 sunt?
1638 1298 1921 1344 Caecilia-

238 1360 386 1418 num]
413 1359 736 1404 caelianum
758 1359 922 1404 Bamb
939 1362 1060 1404 teste
1083 1359 1182 1404 Bue
1208 1359 1562 1416 cicilianum,
1588 1357 1921 1414 caeciliani,

235 1418 514 1476 celanum,
548 1418 761 1463 celiani
793 1418 935 1463 ceteri
966 1418 1098 1463 codd.

982 1528 1171 1577 XXXII

390 1654 403 1664 .
443 1611 751 1667 ‚ineolumi
788 1612 1077 1667 inscientia

354 1713 529 1758 Fronto
578 1712 714 1770 epist.
745 1713 789 1757 Π
820 1718 847 1758 6
883 1729 929 1771 p
964 1719 1018 1757 31
1050 1713 1172 1758 Nab.
1208 1713 1380 1771 ‘igitur
1422 1727 1571 1771 paene
1617 1727 1691 1758 me
1738 1713 1924 1772 opicum

238 1773 527 1818 animantem
565 1773 627 1816 ad
666 1771 894 1817 Graecam
932 1773 1210 1840 scripturam
1246 1771 1552 1830 perpulerunt
1590 1772 1821 1830 homines,
1868 1775 1925 1817 ut

238 1831 470 1879 Caecilius
502 1830 599 1890 ait,
623 1831 898 1877 incolumi
927 1831 1282 1876 inscientia?

968 1974 1185 2023 XXXIII

233 2044 435 2096 uallata
471 2043 601 2114 gula

354 2143 623 2188 Macrobius
657 2143 753 2188 Sat.
777 2144 843 2188 ΠΙ
869 2148 923 2188 15
946 2144 1005 2199 (Π
1030 2148 1119 2202 11),
1145 2149 1172 2188 9
1206 2143 1308 2188 ‘sed
1337 2142 1442 2200 quis
1471 2144 1614 2199 neget
1642 2141 1923 2186 indomitam

237 2203 364 2260 apud
393 2202 503 2247 illos
535 2205 597 2259 et,
630 2206 684 2247 ut
714 2202 784 2247 ait
814 2202 1066 2260 Caecilius,
1098 2202 1378 2247 uallatam
1408 2201 1597 2259 gulam
1626 2200 1825 2247 fuisse?’

974 2342 1183 2391 XXXIV

235 2412 425 2466 decora
462 2412 606 2466 domi

353 2513 568 2558 Donatus
598 2513 648 2557 in
672 2513 774 2558 Ter.
800 2527 904 2559 eun.
934 2513 999 2557 IV
1024 2518 1063 2570 7¹,
1087 2517 1147 2557 45
1180 2511 1325 2557 ‘domi
1356 2514 1405 2557 et
1432 2511 1527 2557 foci
1558 2511 1767 2569 genetiui
1799 2514 1921 2556 sunt.

237 2570 493 2618 Caecilius:
525 2573 733 2618 decora
764 2572 945 2618 domi.’

657 2719 659 2722 v
992 2682 1175 2731 mv

148 2760 235 2801 285
251 2749 500 2820 glabrum
540 2754 717 2820 tapete

360 2850 540 2896 Nonius
573 2857 676 2909 229,
705 2858 734 2896 4
769 2853 947 2909 ‘tapete
992 2851 1177 2910 generis
1219 2851 1388 2897 neutri.
1450 2851 1688 2909 Turpilius
1717 2853 1837 2954 3217)
1872 2853 1923 2894 et

241 2909 496 2955 Caecilius:
535 2889 796 2967 glab’rum
826 2912 1057 2969 tapete)
1121 2910 1311 2957 08001111
1339 2911 1612 2957 memoriam
1643 2923 1718 2955 800
1737 2909 1842 2955 udit
1876 2924 1920 2954 x.
