2060 3140
438 88 519 132 EX
548 87 824 132 INCERTIS
856 85 1255 132 INCERTORVM
1286 85 1537 130 FABVLIS
1723 83 1826 136 149

907 226 1066 274 LXIX

152 311 239 365 Ab
280 311 386 364 alio
428 315 672 381 expectes
711 311 865 364 alteri
904 310 1047 380 quod
1084 309 1287 362 feceris

922 432 1055 480 LXX

150 517 422 570 Beneficia
461 518 516 570 in
555 517 749 588 uolgus
788 520 909 570 clim
947 516 1133 588 largiri
1172 516 1493 586 institueris,

150 606 426 658 Perdenda
463 609 588 658 sunt
626 606 817 675 multa,
857 608 918 657 1113
956 604 1118 657 8611161
1156 605 1323 674 ponas
1359 604 1508 657 bene.

273 706 449 750 Seneca
481 707 538 750 de
568 705 720 750 benef.
746 706 768 749 I
793 711 818 749 2
853 705 1192 750 ‘beneficia’
1228 718 1266 749 e.
1285 720 1327 761 q.
1347 719 1380 749 S.
1416 704 1484 748 ‘in
1513 704 1666 761 priore
1697 718 1835 749 uersu

151 768 402 822 utrumque
434 766 768 822 reprehendas:
800 779 911 808 nam
940 778 1026 808 nec
1058 764 1108 807 in
1138 763 1304 821 uolgus
1337 763 1618 807 effundenda
1649 766 1757 808 sunt
1787 766 1837 808 et

151 824 327 868 nullius
351 824 433 880 rei,
458 824 649 868 minime
671 823 1001 867 beneficiorum
1023 823 1222 867 honesta
1245 822 1436 882 largitio
1462 825 1560 868 est.
1611 837 1835 879 .sequens

154 892 314 928 86118118
356 861 577 927 mirificus
618 885 709 939 est,
749 882 830 938 qui
868 896 960 926 uno
991 882 1111 926 bene
1141 879 1295 938 posito
1326 881 1552 926 beneficio
1581 859 1836 926 multorum

154 942 431 987 amissorum
478 943 650 986 damna
697 941 906 985 solatur?
972 940 1036 985 Cf.
1070 939 1264 984 Publilii
1311 940 1413 997 Syri
1463 943 1577 985 sent.
1611 940 1714 985 fals
1749 945 1833 984 287

276 1095 298 1133 1
334 1088 554 1133 statueris
587 1089 735 1133 Henk.
859 1093 884 1132 2
916 1091 971 1132 ut
1000 1102 1145 1132 unum
1177 1088 1318 1132 semel
1359 1089 1542 1134 Vratisl.

914 1229 1074 1277 LXXI

948 1313 1117 1382 quid?
1155 1316 1216 1366 tu
1254 1332 1364 1366 non
1401 1313 1670 1384 intellegis

149 1401 508 1472 <Beneficiis>
547 1405 757 1455 tantum
796 1402 999 1472 gratiae
1040 1405 1092 1454 te
1132 1402 1362 1472 demere,

152 1491 423 1555 Quantiim
462 1509 640 1543 morae
679 1491 880 1544 adicis?

272 1592 449 1636 Seneca
479 1592 537 1636 de
568 1591 719 1637 benef.
742 1591 785 1635 II
808 1596 850 1648 5,
875 1597 900 1636 2
929 1593 1090 1648 ‘quare
1122 1592 1415 1637 uerissimum
1446 1591 1677 1649 existima,
1709 1592 1835 1647 quod

151 1650 257 1695 ille
290 1650 536 1695 comicus
568 1650 714 1696 dixit:
747 1651 907 1707 quidP’
943 1665 979 1695 e.
1014 1666 1057 1706 q.
1092 1666 1126 1695 8.

276 1744 300 1782 2
340 1739 546 1796 gratiae,
586 1753 669 1784 om.
702 1741 772 1796 te,
810 1740 956 1785 Troes.
989 1741 1037 1784 te
1069 1739 1251 1797 gnatiae
1283 1757 1318 1797 φ
1521 1740 1836 1797 Septenarium

152 1800 339 1842 tantum
362 1813 406 1855 g.
431 1800 479 1843 te
504 1798 546 1843 d.
574 1797 722 1842 adicis
747 1801 974 1854 quantum
996 1812 1154 1843 morae
1176 1801 1514 1844 commemoravi
1536 1801 1686 1844 coroll.
1711 1799 1835 1843 XLII

152 1859 339 1901 tantfim
369 1860 417 1901 te
450 1857 655 1901 adimere
686 1872 729 1915 g.
763 1872 807 1913 q.
839 1871 996 1902 morae
1023 1859 1030 1916 Ι
1059 1857 1206 1902 adicis
1237 1859 1332 1903 Leo
1362 1857 1451 1902 Pl(
1469 1858 1526 1902 F.
1559 1863 1643 1902 327

897 1998 1083 2046 LXXII

152 2081 347 2135 Postea
383 2082 500 2136 noli
535 2100 747 2153 rogare,
788 2100 950 2151 quom
989 2082 1257 2151 inpetrare
1295 2082 1544 2135 nolueris

273 2183 449 2228 Seneca
479 2183 614 2240 epist.
641 2188 712 2239 95,
739 2189 761 2227 1
799 2182 913 2227 ‘scio
944 2185 992 2227 te
1023 2182 1073 2226 in
1102 2183 1276 2227 bonam
1305 2185 1486 2240 partem
1520 2185 1833 2241 accepturum,

155 2242 195 2285 81
218 2256 466 2300 negauero.
508 2256 562 2287 eo
586 2242 738 2299 magis
761 2241 984 2299 promitto
1017 2244 1072 2286 et
1101 2242 1333 2286 uerbum
1362 2241 1654 2299 publicum
1682 2243 1833 2300 perire

152 2315 248 2345 non
284 2301 462 2358 patior:
503 2302 731 2359 postea’
767 2315 804 2346 e.
837 2316 880 2357 q.
915 2316 948 2345 8.
1014 2301 1265 2345 ‘interdum
1303 2301 1427 2345 enim
1466 2301 1599 2345 enixe
1628 2301 1831 2357 petimus

153 2360 225 2417 id,
258 2361 384 2416 quod
414 2374 752 2417 recusaremus,
786 2360 825 2404 si
857 2360 961 2416 quis
993 2360 1228 2405 obferret.’
1293 2360 1359 2405 Cf.
1391 2361 1744 2406 Pseudoseneca
1774 2362 1832 2405 de

152 2433 264 2465 mor.
298 2424 368 2465 33.

273 2522 412 2564 quom
429 2510 593 2566 scripsi
615 2509 740 2565 quod
758 2525 792 2552 ω
880 2507 1109 2564 imperare
1135 2509 1277 2553 Vatic.
1297 2525 1327 2551 α
1346 2508 1497 2553 Palat.
1515 2511 1566 2553 H
1576 2508 1830 2555 Alexandr.

241 2567 446 2611 nolueris
471 2585 520 2624 ω,
553 2570 672 2625 quod
701 2569 743 2613 si
771 2581 925 2612 verum
948 2573 1024 2623 est,
1057 2569 1348 2612 consonantis
1370 2569 1464 2613 vice
1485 2582 1517 2611 u
1546 2569 1759 2649 funyitwr
1780 2575 1833 2614 ut

153 2628 206 2671 in
236 2627 486 2672 Luciliano
515 2628 596 2672 illo
636 2628 793 2683 ‘quem
823 2625 975 2670 uisere
1005 2625 1247 2686 noluelris,
1292 2640 1396 2670 cum
1428 2626 1674 2671 debueris)
1736 2641 1831 2672 non

152 2685 271 2729 uelis
303 2687 610 2732 commendavi
638 2687 790 2731 coroll.
821 2685 944 2729 XLII

886 2794 1095 2842 LXXIII

150 2877 474 2933 Iniliriarum
513 2880 804 2933 remedium
845 2882 924 2931 est
963 2878 1181 2931 obliuio.

1865 1328 1923 1368 85

1866 1507 1922 1547 86
