2060 3140
683 96 990 173 cAEcmws
1022 125 1273 171 STATIVS
1661 176 1668 184 ,
1747 125 1820 179 55

138 263 330 307 facere
369 259 709 317 Eutychum'
750 261 1032 317 (eutycum
1069 259 1249 303 Monac.
1290 274 1348 302 m.
1377 263 1400 302 1
1444 261 1570 302 recte
1617 259 1821 316 euthy-

137 336 258 366 cum
287 320 468 364 Veneta
514 318 805 363 euthicum
835 318 1092 373 Wolfenb.,
1133 320 1181 362 et
1220 317 1286 362 sic
1323 317 1459 361 infra.
1524 317 1823 362 enthinum

137 381 272 425 Laur.
314 384 393 434 52,
435 383 458 422 1
507 377 849 423 Aeschinum
903 380 950 421 et
1002 377 1126 421 infra
1170 376 1488 421 Aeschinus
1530 377 1818 434 Spengelius.

138 439 279 483 Deest
308 438 437 482 10008
469 437 519 480 in
549 437 739 494 Lagom.
766 439 840 494 26)
875 436 1091 480 ‘filium
1120 436 1418 492 rusticum,
1458 450 1626 493 quamv
1653 435 1822 480 illum
1892 487 1898 489 -

139 498 381 542 alterum
419 495 916 541 Chaerestratum?
953 510 1079 540 nam
1117 498 1178 539 ut
1218 494 1420 552 opinor
1457 495 1560 540 hoc
1593 494 1820 540 nomine

139 559 237 608 est.
301 556 544 600 alterum
589 555 646 599 in
684 555 820 600 urbe
859 569 1049 600 secum·
1080 555 1315 606 honoris
1365 569 1539 599 causa
1584 554 1818 611 habere,

137 615 379 660 alterum
417 629 508 658 rus
550 614 825 672 supplicii
857 629 1029 659 causa
1058 614 1426 672 relegasse?.
1477 627 1648 659 ‚nemo
1680 613 1818 658 uobis

135 674 285 732 magis
321 675 460 718 notus
499 674 683 718 futurus
722 674 785 718 sit
822 688 964 730 quam
1002 676 1074 718 est
1110 649 1214 717 111οΌ
1218 674 1342 730 Euty
1331 673 1479 742 01108,
1522 675 1570 717 et
1601 675 1725 717 certe
1758 666 1819 717 ad

134 747 233 778 rem
262 733 383 777 1111111
413 732 536 777 inter
567 733 629 777 sit
658 735 816 777 utrum
845 733 967 776 hunc
1000 746 1086 790 ego
1119 728 1347 776 comicuni
1379 710 1727 777 adulescentem
1757 746 1819 776 an

136 792 342 848 aliquem
374 806 430 836 ex
461 806 572 849 agro
604 791 800 836 Veiente
830 791 1100 836 nominem?
1151 791 1328 844 Quibus
1361 791 1487 847 quod
1518 791 1655 835 addit
1686 792 1818 836 scho-

132 851 276 897 liasta
293 851 614 896 Gronovianus
635 866 681 908 p.
699 855 784 894 429
804 850 920 895 Or.‘
926 851 1051 907 apud
1068 850 1322 895 Caecilium
1345 850 1703 907 comoediograp
1706 851 1819 894 hum

133 910 371 955 inducitur
414 913 550 968 pater
586 909 779 966 quidam
817 909 897 966 qui
934 866 1145 954 hlabebat
1184 910 1300 954 duos
1339 909 1481 966 filios,
1530 911 1585 953 et
1630 909 1816 966 illum,

133 984 294 1026 quem
333 969 461 1014 odio
499 969 769 1025 habebat,
818 983 1004 1013 secum
1041 969 1315 1023 habebat,
1362 982 1524 1024 quem
1563 969 1816 1024 amabat,

131 1029 251 1072 ruri
284 1028 456 1072 dedit.
504 1042 614 1086 ergo
638 1028 786 1084 uides,
819 1027 932 1084 quia
955 1028 1135 1072 amauit
1158 1027 1380 1072 Roscium
1402 1030 1550 1084 pater,
1584 1027 1818 1083 siquidem

131 1087 256 1132 hunc
287 1087 412 1145 agris
445 1087 651 1145 dederat,
658 1089 670 1109 ’
704 1087 755 1131 id
784 1086 935 1145 magis
968 1101 1024 1132 ex
1053 1087 1243 1145 ingenio
1269 1086 1649 1131 commentatoris
1674 1098 1817 1143 quam

130 1161 189 1191 ex
234 1149 362 1191 certa
408 1146 607 1191 scientia
650 1146 837 1191 fluxisse
882 1146 1080 1192 videtur.
1146 1146 1489 1191 ‘Menandrum’
1540 1160 1651 1190 sane
1698 1145 1817 1190 dicit

131 1205 449 1259 Quintilianus
479 1207 502 1250 I
535 1210 714 1263 10,18.
757 1207 828 1250 ‘et
865 1220 925 1263 ap
927 1206 991 1249 ud
1020 1206 1330 1250 Menandrum
1359 1205 1410 1248 in
1440 1205 1813 1262 Hypobolimaeo

130 1279 302 1309 senex
331 1265 660 1322 reposcenti
690 1265 882 1309 filium
894 1222 1067 1322 ppatri
1090 1265 1252 1309 uelut
1282 1264 1565 1308 rationem
1596 1264 1815 1321 impen-

131 1324 371 1382 diorum,
412 1338 553 1380 quae
591 1324 649 1368 in
688 1324 1088 1369 educationem
1128 1324 1479 1380 contulerat,
1522 1338 1813 1381 opponens

128 1384 341 1440 psaltis
374 1398 429 1427 se
461 1386 516 1428 et
545 1384 853 1451 geometris
883 1384 1062 1428 multa
1094 1383 1240 1428 dicit
1271 1383 1546 1439 dedissess
1589 1384 1671 1427 sed
1702 1382 1812 1427 inde

131 1457 244 1487 cave
275 1443 527 1509 concludas
557 1443 608 1487 in
638 1443 906 1488 Caeciliana
935 1443 1100 1487 fabula
1132 1457 1238 1488 eum
1268 1443 1423 1487 locum
1452 1457 1547 1487 non
1567 1442 1812 1488 extitisse:

129 1515 238 1545 cum
265 1502 390 1546 enim
418 1501 469 1545 in
500 1516 554 1546 eo
586 1502 648 1547 sit
678 1502 1012 1559 Quintilianus,
1043 1505 1098 1547 ut
1121 1502 1328 1558 antiquis
1353 1502 1499 1546 etiam
1520 1501 1812 1568 temporibus

126 1561 357 1605 musicam
387 1561 673 1606 demonstret
702 1562 904 1606 maximo
935 1562 986 1605 in
1016 1563 1191 1606 honore
1230 1561 1394 1618 fuisse,
1433 1563 1578 1605 testes
1608 1561 1811 1618 primum

127 1620 296 1664 laudat
311 1620 510 1665 Graecos
534 1621 759 1678 homines,
775 1623 877 1666 tum
893 1622 1079 1666 demum
1104 1622 1163 1688 ad
1179 1622 1494 1666 Romanorum
1512 1620 1811 1677 disciplinam

128 1679 314 1724 transit.
375 1679 589 1724 Ceterum
620 1681 677 1724 de
709 1683 983 1737 argumento
1017 1680 1114 1724 dixi
1145 1680 1195 1724 in
1226 1680 1519 1724 enarratione
1550 1693 1656 1724 mea
1688 1693 1809 1735 quae

127 1741 200 1782 est
231 1739 288 1782 (10
319 1739 518 1796 Agr-oeci
548 1753 747 1796 persona
777 1755 822 1796 p.
850 1745 904 1784 10
929 1755 996 1796 sq.
1042 1739 1147 1796 Hyp
1152 1739 1466 1784 obolimaeum
1497 1738 1579 1794 qui
1610 1753 1638 1782 a
1668 1739 1807 1782 Festo

127 1797 301 1842 dicitur
332 1797 709 1842 Chaerestratum
748 1813 852 1842 cum
894 1798 1096 1856 simplici
1086 1756 1512 1856 ypHypobolimaeo
1560 1797 1808 1842 convenire

128 1857 382 1901 Grauertus
425 1857 559 1901 Anal.
593 1863 645 1901 81
682 1857 901 1914 coniecit,
949 1859 1076 1914 quod
1118 1858 1350 1907 Ciceronis
1397 1871 1535 1923 quem
1583 1856 1810 1914 descripsi

123 1916 228 1960 1000
253 1916 563 1962 confirmatur.
610 1918 728 1961 Item
751 1931 871 1973 quae
894 1917 1294 1974 Hypobolimaeae
1318 1915 1588 1960 Rastrariae
1618 1915 1807 1960 nominc

124 1975 238 2033 vulg
239 1990 266 2019 0
297 1975 528 2031 feruntur,
574 1977 635 2019 ad
677 1977 875 2020 eandem
903 1977 1009 2033 Hyp
1013 1976 1264 2043 obolimaei
1306 1975 1403 2019 sive
1445 1974 1809 2031 Hypobolimaei

123 1991 441 2079 Chagerestrati
469 2012 682 2079 fabulam
712 2035 946 2092 pertinere
976 2035 1103 2079 idem
1133 2035 1204 2079 vir
1236 2035 1400 2079 doctus
1433 2034 1615 2078 statuit.
1671 2034 1807 2079 Certe

123 2094 330 2149 quodam
367 2094 506 2138 modo
546 2094 828 2139 conveniunt
865 2095 988 2139 inter
1034 2108 1082 2138 se
1120 2095 1239 2151 Hyp.
1271 2095 1294 2138 I
1340 2096 1388 2138 et
1433 2094 1552 2150 Hyp.
1585 2094 1739 2137 Rastr.
1771 2093 1806 2151 Ι,

124 2153 243 2210 Hyp.
276 2153 319 2197 V
351 2155 398 2197 et
435 2154 554 2210 Hyp.
587 2155 741 2198 Rastr.
772 2154 835 2211 Π,
875 2154 994 2211 Hyp.
1026 2154 1092 2198 IV
1123 2156 1170 2198 et
1200 2154 1319 2210 Hyp.
1352 2153 1504 2197 Rastr.
1517 2153 1602 2197 TV
1632 2152 1688 2209 V,
1720 2166 1807 2198 nec

125 2212 399 2256 adversatur
427 2212 653 2257 librorum
682 2213 949 2258 auctoritas„
995 2213 1159 2269 Itaque
1184 2215 1277 2257 tres
1303 2212 1512 2256 eiusdem
1536 2211 1806 2261 comoediae

123 2270 290 2316 titulos
314 2272 561 2318 habemus:
593 2273 714 2330 Hyp
725 2272 1122 2329 obolimaeum,
1155 2286 1295 2328 quem
1321 2271 1659 2316 ‘Subditiuum’
1685 2286 1806 2315 nun-

123 2333 267 2387 cupat
312 2330 489 2375 Gellius
534 2331 588 2376 fr.
620 2332 664 2375 V
701 2335 749 2376 et
799 2332 942 2376 semel
992 2332 1063 2389 (fr
1094 2309 1175 2388 1⁹V)
1229 2330 1432 2386 Nonius,
1486 2331 1608 2387 Hyp
1620 2329 1807 2375 oboli

124 2367 1807 2448 maeumChaerestratum‚Hyp0bolimaeumOEypobolimaeam

124 2449 268 2493 semel
313 2448 367 2494 fr.
391 2449 456 2493 VI
498 2450 573 2494 vel
614 2450 687 2494 bis
734 2477 785 2483 —
830 2451 884 2495 fr.
898 2451 952 2494 ·V
982 2477 1041 2483 —
1070 2449 1214 2494 Nonii
1255 2449 1366 2493 libri
1407 2449 1653 2516 praebent)
1696 2449 1807 2493 Ra-

125 2510 207 2552 str
217 2522 299 2552 ari
310 2522 404 2553 am
450 2509 695 2554 Rastraria
719 2512 877 2554 autem
899 2509 1102 2553 indicem
1125 2511 1281 2553 utrum
1302 2510 1445 2575 poeta
1474 2507 1576 2565 ipse
1598 2507 1804 2564 dederit,

122 2567 249 2622 quod
287 2567 540 2612 Grauertus
578 2568 759 2626 voluit,
792 2583 851 2612 an
889 2568 1186 2626 grammatici
1222 2567 1379 2624 potius
1420 2566 1805 2634 excogitaverint,

122 2628 176 2669 ut
208 2626 410 2693 affirmat
440 2624 723 2672 Ritschelius
754 2629 939 2685 Parerg.
971 2628 1052 2684 Ip
1099 2628 1197 2683 XV,
1236 2630 1338 2671 tum
1381 2626 1566 2671 demum
1601 2626 1805 2684 perspici

120 2687 298 2741 posset,
339 2685 390 2729 ni
429 2686 587 2743 fallor,
628 2687 668 2731 si
707 2687 765 2731 de
805 2643 1078 2753 argumento
1116 2686 1221 2743 plus
1262 2687 1514 2731 constaret.
1572 2686 1647 2730 Ita
1678 2685 1803 2730 enim

123 2747 382 2810 appareret,
413 2760 526 2789 num
556 2760 676 2802 quae
706 2749 857 2791 rastro
888 2746 961 2789 illi
987 2761 1038 2789 in
1067 2759 1220 2789 rerum
1243 2744 1452 2791 ordinem
1476 2744 1804 2812 explicandum

120 2802 191 2847 vis
236 2803 417 2848 tributa
461 2804 604 2849 fuerit
648 2819 808 2851 necne.
871 2805 1086 2850 Ceterum
1130 2804 1334 2862 repetita
1378 2803 1569 2848 fabulae
1618 2803 1803 2848 actione

119 2864 278 2918 potest
306 2862 474 2907 titulus
505 2867 714 2920 mutatus
746 2864 903 2908 fuisse.
938 2891 993 2897 —
1024 2864 1107 2920 Hy
1114 2863 1535 2921 pobolimaeum
1564 2862 1803 2908 Aeschi-

120 2935 254 2965 num·
285 2924 431 2979 recte,
470 2926 524 2967 ut
561 2923 759 2981 videtur,
802 2924 860 2967 ab
900 2923 972 2967 his
1013 2922 1337 2967 discriminant
1375 2922 1628 2967 Grauertus
1666 2938 1711 2979 p.
1748 2927 1801 2968 79
