2060 3140
251 123 359 176 330
976 119 1202 166 NOVIVS

1007 253 1164 306 VIHb

163 362 247 401 110
265 387 628 399 .....
707 345 914 412 aliquot
954 334 1311 411 altipendulos

263 433 599 502 Reliquimus
638 431 938 483 uindemiae
977 430 1305 500 superstites

369 539 390 577 1
410 548 470 591 sq.
504 534 728 578 Numeros
758 533 964 577 indicavi

365 622 437 665 Fr.
462 622 526 665 IX
556 621 679 665 inter
708 620 976 665 Naevianas
1008 634 1179 676 quaere
1210 619 1432 676 reliquias
1465 634 1581 666 00111.
1607 619 1696 665 inc.
1721 620 1886 667 XXIX.

1067 775 1113 822 X

161 862 243 901 113
1222 844 1351 913 quid
1388 845 1588 915 ploras„
1630 845 1819 914 pater?
1858 876 1926 882 —

247 934 445 987 Mirum
484 934 542 986 ni
580 937 789 986 cantem
830 977 839 986 .
882 976 891 985 .
932 933 1311 985 condemnatus
1351 952 1483 986 sum.

365 1034 522 1080 Cicero
556 1035 612 1078 de
646 1037 761 1079 orat.
786 1035 830 1078 H
861 1040 930 1091 69,
957 1039 1042 1078 279
1078 1035 1168 1078 ‘me
1207 1034 1397 1090 quidem
1433 1034 1621 1078 hercule
1660 1034 1804 1079 etiam
1842 1034 1928 1078 illa

246 1095 386 1138 ualde
424 1096 615 1138 mouent
658 1094 954 1137 stomachosa
993 1096 1040 1137 et
1081 1093 1216 1149 quasi
1257 1094 1528 1138 submorosa
1569 1093 1789 1151 ridicula,
1835 1108 1931 1138 non

247 1169 351 1198 cum
375 1168 403 1197 a
426 1167 607 1197 moroso
637 1152 875 1208 dicuntur3
907 1155 1010 1196 tum
1033 1152 1157 1196 enim
1185 1167 1280 1196 non
1312 1153 1395 1208 sal,
1428 1153 1510 1196 sed
1539 1155 1710 1197 natura
1736 1152 1928 1198 ridetur.

245 1214 298 1256 In
329 1227 441 1268 quo,
482 1214 535 1255 ut
564 1211 680 1255 mihi
711 1212 920 1268 uidetur,
959 1211 1220 1268 persalsum
1253 1211 1374 1255 illud
1406 1214 1477 1256 est
1509 1212 1635 1269 apud
1665 1211 1930 1257 Nouium:

250 1272 380 1328 quid’
409 1285 445 1316 e.
472 1286 515 1327 q.
542 1286 602 1333 s,⁸

366 1365 388 1404 1
414 1375 476 1416 sq.
518 1359 670 1412 Quid?
711 1359 890 1416 ploras,
929 1361 1094 1416 pater?
1134 1361 1155 1409 ss
1192 1359 1361 1403 mirum
1399 1359 1449 1402 ni
1489 1361 1573 1416 (vel
1609 1359 1778 1403 mirum
1817 1359 1931 1415 quin

246 1422 359 1464 conl.
386 1420 555 1464 Plauti
585 1420 713 1464 Trin.
739 1422 845 1475 495)
885 1421 1091 1464 cantem:
1134 1419 1468 1462 condemnatus
1509 1434 1611 1462 sum
1648 1421 1931 1475 septenarius

240 1481 420 1535 placuit
462 1492 688 1536 anonymo
733 1480 786 1523 in
832 1478 1067 1523 Leutschii
1107 1479 1204 1522 ind.
1238 1480 1398 1535 philol.
1436 1482 1550 1522 1870
1586 1493 1635 1535 p.
1671 1482 1777 1534 392,
1823 1479 1930 1523 item

247 1539 455 1596 Berykz'o.
502 1539 654 1582 Inseri
683 1552 761 1596 eqo
793 1539 969 1595 quidem
1001 1551 1142 1581 031183
1172 1538 1240 1582 vel
1271 1537 1439 1594 capitis
1470 1539 1602 1582 velim
1703 1543 1727 1581 2
1760 1535 1930 1581 mirum

247 1612 328 1642 om.
354 1598 479 1642 codd.
504 1598 658 1641 mutili

1053 1692 1124 1739 XI

159 1794 242 1833 115
264 1776 459 1840 Quanti
498 1776 801 1828 addictust‘?
842 1807 910 1813 -—
950 1775 1100 1828 Mssle
1138 1736 1431 1830 nummum.
1469 1809 1538 1814 —
1576 1775 1733 1831 Nihil
1771 1777 1930 1831 addo:

1311 1866 1470 1919 ducas
1507 1866 1648 1918 licet.

366 1966 524 2010 Cicero
557 1967 614 2010 de
647 1969 762 2012 orat.
791 1967 835 2010 Π
866 1972 936 2024 63,
962 1971 1047 2011 255
1083 1966 1396 2011 ‘notissimum
1426 1966 1615 2010 ridiculi
1644 1981 1791 2024 genus
1823 1982 1930 2011 cum

249 2025 378 2069 aliud
421 2028 739 2083 expectamus,
789 2026 916 2069 aliud
962 2026 1144 2070 dicitur.
1207 2025 1295 2069 Hic
1336 2025 1570 2070 nobismet
1612 2025 1727 2083 ipsis
1769 2029 1930 2070 noster

247 2099 373 2129 error
408 2084 554 2128 risum
590 2087 762 2129 mouet.
827 2085 960 2139 Quod
992 2085 1031 2129 si
1070 2085 1329 2130 admixtum
1360 2087 1432 2128 est
1467 2085 1611 2129 etiam
1641 2085 1926 2142 ambiguum,

246 2145 299 2187 fit
331 2143 520 2201 salsius,
555 2146 610 2188 ut
642 2146 767 2201 apud
797 2144 1040 2189 Nouium
1070 2144 1258 2188 uidetur
1289 2158 1388 2188 esse
1419 2143 1678 2189 misericors
1709 2144 1812 2201 1110,
1846 2144 1928 2200 qui

246 2203 505 2247 iudicatum
529 2203 637 2247 duci
660 2203 826 2247 uidens
853 2206 1154 2261 percontatur
1176 2203 1267 2248 ita:
1300 2203 1503 2259 quanti
1530 2240 1538 2248 .
1566 2241 1574 2248 .
1603 2241 1611 2248 .
1636 2218 1924 2248 nummum.

249 2262 296 2306 Si
336 2262 596 2306 addidisset
633 2265 819 2307 tantum
862 2264 1000 2307 modo
1045 2263 1216 2307 ducas
1258 2262 1419 2318 licet,
1463 2265 1586 2306 esset
1623 2262 1742 2306 illud
1780 2277 1926 2320 genus

245 2321 433 2365 ridiculi
462 2324 647 2378 praeter
679 2322 1070 2379 expectationem,
1104 2322 1186 2366 sed
1217 2321 1328 2376 quia
1360 2321 1545 2366 addidit
1574 2321 1725 2365 nihil
1758 2322 1924 2378 addo,

247 2381 418 2424 ducas
464 2380 627 2437 licet,
681 2381 843 2425 addito
884 2381 1124 2438 ambiguo,
1173 2380 1320 2424 altero
1359 2394 1526 2438 genere
1565 2380 1774 2436 ridiculi,
1821 2380 1926 2437 fuit,

246 2442 299 2483 ut
329 2439 445 2483 mihi
476 2440 666 2495 quidem
695 2439 896 2498 uidetur,
930 2440 1248 2485 salsissimus?
1310 2440 1589 2484 Naeuium
1618 2440 1828 2484 Laudun.

298 2589 319 2631 t
365 2528 604 2631 aldldicgzust
618 2530 783 2584 mutili,
799 2530 893 2574 nisi
908 2530 1026 2586 quod
1045 2528 1299 2572 adductust
1315 2529 1451 2574 Harl.
1471 2528 1685 2573 addictus
1704 2529 1924 2574 Laudwn.

247 2601 295 2631 es
343 2602 370 2631 a
437 2602 495 2632 uc
520 2601 547 2631 a
574 2605 601 2645 χ

1038 2684 1136 2731 XII

249 2810 617 2820 .....
692 2767 901 2836 sapiens
941 2767 987 2819 si
1025 2766 1250 2838 algebiS,
1290 2769 1497 2819 tremes,

366 2868 523 2912 Cicero
557 2868 614 2912 de
645 2870 761 2913 orat.
786 2868 828 2910 ΙΙ
862 2872 930 2923 70,
960 2872 1046 2911 285
1081 2868 1290 2924 epraeter
1329 2866 1699 2924 expectationem
1738 2866 1924 2922 accidit,

248 2928 302 2970 ut
339 2929 507 2971 testem
547 2927 752 2971 omnium
789 2926 909 2970 risus
949 2927 1176 2971 obrueret.
1238 2926 1388 2970 Huius
1427 2925 1609 2983 generis
1650 2928 1721 2970 est
1757 2925 1924 2982 plenus
