2060 3140
171 2426 227 2465 30

266 133 374 185 344
801 131 1065 177 DECIMVS
1094 130 1358 176 LABERIV
1359 130 1389 175 S

265 264 436 322 cupisti
471 263 657 321 eugium
688 263 896 308 scindere
927 281 962 307 ω
994 277 1054 306 an
1085 262 1395 319 concupiuisti
1425 277 1462 308 e.
1494 263 1710 310 Scindere
1735 267 1933 312 Bothius

372 324 614 368 Trochacos
659 323 883 366 ascendas
930 336 991 366 an
1036 321 1294 378 concupisti
1339 321 1527 379 eiigium
1569 323 1931 384 <per>scindere

263 383 444 428 metitwr
473 382 531 426 A.
556 382 707 427 Brock
737 387 920 439 quaestt.
951 395 1136 439 yramm.
1169 381 1381 438 (Dorpat.
1408 385 1537 439 1897)
1561 397 1610 440 p.
1633 387 1716 427 152

990 562 1208 611 COLAX

263 663 461 734 Figura
498 662 731 715 humana
766 661 935 715 nimio
974 662 1160 715 ardore
1197 661 1501 733 ignescitur.

262 837 292 880 fi
379 777 559 858 N’onius
582 782 683 835 481,
705 782 729 821 7
757 777 1102 834 ‘ignescitur
1123 791 1206 834 pro
1230 777 1443 835 ignescit.
1496 778 1720 823 Laberius
1745 777 1933 824 Colace:

294 851 411 894 gura
456 850 493 881 e.
519 852 562 892 q.
589 851 622 881 s.

378 925 553 982 figurae
584 925 815 968 humanae
846 925 1041 970 Bothius
1151 923 1295 969 nimio
1327 925 1491 969 ardore
1522 926 1718 971 Bothius
1754 925 1934 970 inimici

263 984 425 1028 ardore
454 994 514 1041 ψ,
554 990 705 1029 tuetwr
734 985 837 1028 Bue
873 982 999 1027 nimo
1037 984 1194 1028 nelore
1225 985 1376 1029 Palat.
1417 983 1517 1028 uini
1556 984 1719 1029 ardore
1757 987 1871 1031 coni.
1899 1000 1933 1030 x

263 1042 406 1086 animi
420 1043 636 1087 candore
667 1044 839 1088 conicio

900 1224 1293 1274 COLORATOR

378 1320 667 1367 comm-ron:
707 1321 763 1365 cf.
796 1321 862 1365 IN
896 1326 1011 1365 4260
1050 1320 1152 1366 CGl
1181 1321 1225 1364 Π
1256 1326 1355 1378 103,
1389 1326 1442 1365 21
1476 1321 1550 1379 (cf.
1585 1325 1659 1380 27)
1692 1323 1765 1369 (ἴω
1811 1323 1932 1368 0010-

259 1381 388 1424 rator
418 1380 673 1441 στιλβωτής.

758 1471 938 1540 itaque
976 1470 1083 1522 leni
1120 1489 1292 1539 pruna
1330 1472 1511 1524 coctus

263 1558 434 1612 Simul
471 1559 569 1612 sub
611 1559 792 1612 dentes
829 1559 1067 1612 mulieris
1103 1558 1250 1628 ueni,
1288 1558 1372 1611 bis
1410 1562 1492 1612 ter
1528 1561 1824 1613 memordit.

381 1674 557 1719 Gellius
588 1675 653 1719 VI
684 1675 802 1732 (VH)
835 1679 875 1730 9,
907 1679 935 1718 4
977 1674 1076 1718 ‘sed
1108 1674 1158 1728 Q.
1191 1674 1367 1718 Ennius
1407 1674 1456 1718 in
1496 1675 1666 1719 saturis
1703 1690 1934 1720 memor·

261 1733 411 1777 derit
451 1733 570 1777 dixit
606 1748 689 1791 per
720 1748 744 1778 e
775 1733 1003 1790 litteram,
1041 1747 1136 1777 non
1165 1733 1477 1779 momorderit.
1521 1771 1529 1779 .
1556 1771 1564 1779 .
1594 1771 1601 1779 .
1637 1735 1756 1779 Item
1785 1735 1933 1779 Labe-

260 1792 355 1836 rius
394 1792 444 1836 in
477 1792 624 1837 Gallis
666 1829 675 1838 .
702 1829 711 1838 .
739 1829 748 1838 .
788 1793 907 1837 Item
936 1792 1061 1836 idem
1089 1792 1314 1836 Laberius
1344 1792 1395 1836 in
1426 1792 1713 1840 Coloratore:
1753 1793 1932 1850 itaque’

260 1865 297 1896 e.
323 1867 366 1907 q.
394 1866 427 1896 s.

378 1946 401 1984 1
435 1942 593 1984 coctus
624 1941 787 1997 scripsi
821 1942 1065 1997 percoctus
1096 1956 1131 1983 ω
1170 1938 1305 1995 quasi
1333 1941 1574 1997 percoctus
1604 1942 1707 1986 Bue

891 2137 1299 2187 COMPITALIA

1080 2241 1106 2288 I

261 2367 270 2376 .
311 2327 451 2376 minc
489 2327 550 2377 tu
587 2323 802 2394 lentu’s,
838 2328 979 2376 minc
1017 2327 1077 2376 tu
1115 2342 1310 2392 susque
1349 2324 1517 2393 deque
1554 2324 1681 2377 fers:

258 2412 431 2465 Mater
468 2413 698 2465 familias
736 2416 829 2466 tua
865 2412 924 2466 in
961 2413 1098 2466 lecto
1138 2413 1358 2465 aduerso
1398 2413 1564 2482 sedet,

261 2500 454 2554 Seruos
492 2501 750 2554 sextantis
787 2501 959 2554 utitur
994 2501 1212 2553 nefariis

260 2588 466 2642 Verbis,

377 2689 553 2734 Gellius
585 2690 692 2734 XVI
723 2693 763 2746 9,
795 2695 822 2733 4
857 2688 1109 2746 ‘significat
1141 2691 1297 2732 autem
1329 2703 1534 2744 susque
1571 2689 1750 2744 deque
1781 2689 1930 2733 ferre

260 2747 414 2792 animo
455 2762 602 2804 aequo
642 2761 742 2792 esse
782 2750 830 2792 et
868 2749 993 2804 quod
1026 2747 1196 2792 accidit
1233 2762 1327 2792 non
1361 2748 1521 2805 magni
1558 2748 1756 2804 pendere
1788 2749 1930 2803 atque

258 2805 491 2850 interdum
527 2807 774 2864 neglegere
813 2808 860 2851 et
902 2809 1193 2851 contemnere
1237 2809 1284 2850 et
1324 2807 1657 2863 propemodum
1697 2805 1747 2849 id
1785 2807 1929 2858 ualet,
2017 2851 2028 2854 ,

259 2865 383 2919 quod
425 2865 596 2909 dicitur
635 2865 808 2910 Graece
855 2867 1145 2923 ἀδιαφορεῖν.
1216 2865 1439 2909 Laberius
1481 2865 1531 2908 in
1569 2864 1925 2922 Compitalibus:

257 2925 396 2967 nunc'
425 2937 462 2968 e.
487 2939 530 2980 q.
557 2939 590 2969 s.
