2060 3140
2 1831 5 1840 -
3 1793 5 1806 -
0 1757 5 1769 .-
3 1711 5 1734 ⁴*
0 1352 9 1689 2-ff20-ffl——n-m2-sm
0 1272 8 1330 *aar

16 1590 23 1595 V
18 1559 23 1570 Ἀ
19 1532 22 1537 -
21 1511 27 1515 ι
16 1469 27 1481 λ.
22 1437 23 1441 Α
18 1388 19 1391 ⁴
15 1357 26 1370 Σ
25 1328 27 1330 ,
18 1280 19 1283 ⁴

647 141 954 186 CATVLLVS
1014 142 1331 187 LENTVLVS
1719 143 1823 195 371

270 273 335 317 Cf.
368 273 600 317 Martialis
633 275 690 318 de
730 278 928 341 spectac.
957 280 980 319 7
1017 275 1236 342 fiquafiter
1267 275 1316 318 in
1349 275 1566 342 Scythica
1600 276 1826 333 religatus

149 333 432 435 ἷέἓῗὲᾱῖξῖἓ
435 333 513 435 ἓῖἶέ
516 333 723 436 θὲῑίοὲἒξ
727 334 1461 450 1333331231‘1313-2010302052535
1481 349 1519 451 ζ
1521 335 1827 438 ἓίἯᾈᾶἶΠῗὲ

152 464 315 494 cruce
347 450 675 495 Laureolus'
704 465 741 495 e.
760 466 803 507 q.
822 466 855 495 s.
912 452 1226 496 Tertullianus
1260 453 1363 496 adv.
1384 452 1620 498 Valentin.
1649 458 1703 496 14
1738 452 1826 496 ‘ita

151 509 346 566 depulsa
386 524 476 565 quo
514 510 667 554 minus
707 514 921 567 pergeret
958 525 1043 555 nec
1081 511 1259 555 habens
1299 512 1594 568 superuolare
1631 525 1824 568 crucem,

150 568 512 683 ἱῡιίίᾑὲἒέξοέοιέ,
552 569 663 625 quia
694 569 875 613 nullum
907 570 1125 615 Catulli
1162 570 1497 615 Laureolum
1526 571 1669 615 fuerit
1700 584 1827 615 exer-

965 739 1015 785 II

266 821 552 874 Suetonius
587 820 751 892 Galig.
783 821 852 874 57
895 823 968 874 ‘et
1007 840 1126 874 cum
1166 823 1223 874 in
1252 822 1513 875 Laureolo
1552 823 1732 892 mimo,
1771 823 1829 874 in

151 928 256 978 quo
294 913 442 962 actor
478 910 780 978 proripiens
811 928 866 962 se
897 911 1052 962 ruina
1082 911 1394 981 sanguinem
1424 911 1611 979 uomit,
1649 910 1827 980 plures

150 998 499 1049 secundarum
532 998 775 1050 certatim
809 999 1230 1067 experimentum
1255 999 1386 1051 artis
1411 999 1610 1069 darent,
1643 1017 1828 1051 cruore

151 1104 339 1139 scaena
378 1085 705 1138 abundauit.'

855 1239 1127 1287 PHASMA

261 1336 527 1389 Iuvenalis
551 1336 683 1391 VIII
719 1338 822 1391 185
861 1338 1208 1407 ‘consumptis
1248 1338 1438 1407 opibus
1477 1356 1686 1407 uocem,
1725 1338 1827 1390 Da-

150 1427 410 1496 masippe‚
449 1426 638 1478 locasti
679 1425 912 1498 sipario,
950 1427 1240 1479 clamosum
1279 1445 1462 1497 ageres
1500 1430 1562 1478 ut
1597 1426 1828 1479 Phasma

151 1513 383 1566 Catulli?
467 1514 629 1567 schol.
679 1515 892 1568 ‘nomen
939 1518 1018 1567 est
1064 1514 1444 1585 mimographi,
1498 1518 1551 1566 et
1597 1514 1827 1567 Phasma

147 1621 342 1655 nomen
382 1605 461 1655 est
499 1602 745 1656 fabulae.'

701 1784 1028 1833 INOERTVS
1066 1783 1278 1831 MIMVS

259 1882 526 1935 Iuvenalis
564 1882 697 1935 XIII
740 1883 842 1935 109
887 1883 1029 1935 enam
1068 1901 1189 1935 cum
1227 1902 1421 1953 magna
1459 1883 1628 1935 malae
1667 1900 1827 1952 super

149 1975 230 2024 est
262 1972 480 2023 audacia
511 1990 712 2041 causae,
755 1971 999 2024 Creditur
1037 1991 1067 2023 a
1104 1972 1289 2023 multis
1326 1971 1532 2023 fiducia.
1600 1971 1825 2023 mimum

149 2061 262 2130 agit
319 2061 432 2130 ille,
492 2059 698 2112 Vrbani
762 2060 972 2128 qualem
1032 2059 1296 2130 fugitiuus
1356 2078 1537 2112 scurra
1594 2058 1825 2112 Catulli?

149 2148 311 2201 schol.
365 2149 514 2201 ‘talis
567 2151 647 2200 est
701 2148 844 2200 enim
898 2148 1113 2216 mimUS‚
1175 2148 1269 2200 ubi
1323 2166 1507 2200 seruus
1560 2147 1825 2218 fugitiuus

149 2238 423 2290 dominum
462 2255 616 2289 suum
655 2235 857 2288 trahit.9
1783 2227 1788 2231 ’

691 2493 1286 2564 LENTVLVS

782 2651 1192 2700 CATINENSES

262 2753 622 2806 Tertullianus
670 2752 731 2803 de
777 2751 940 2820 pallio
980 2751 1016 2801 4
1062 2750 1172 2803 ‘sed
1223 2753 1275 2802 et
1326 2750 1418 2819 qui
1469 2753 1590 2802 ante
1638 2749 1825 2818 Tiryn—

154 2843 326 2895 thium
374 2844 661 2893 accesserat
705 2840 887 2910 pugil
932 2838 1342 2891 Cleomachus
1386 2842 1508 2907 post
1548 2837 1826 2907 Olympiae

150 2949 270 2982 cum
331 2929 629 2982 incredibili
687 2916 896 2980 mutatu
953 2928 1014 2980 de
1067 2927 1304 2979 masculo
1358 2927 1623 2996 fluxisset,
1684 2927 1826 2979 intra

1472 3013 1559 3055 24*
